
	<record>
	  <leader>01832cjm a2200409 a 45 0</leader>
	  <controlfield tag="001">a246955</controlfield>
	  <controlfield tag="003">InU</controlfield>
	  <controlfield tag="007">sd-bmmenn-----</controlfield>
	  <controlfield tag="008">780801q19601969fr zzn   i          fre d</controlfield>
	  <datafield tag="028" ind1="0" ind2="2">
		<subfield code="a">LD 071</subfield>
		<subfield code="b">BAM</subfield>
	  </datafield>
	  <datafield tag="035" ind1=" " ind2=" ">
		<subfield code="a">(InU)ACJ8978BM</subfield>
	  </datafield>
	  <datafield tag="035" ind1=" " ind2=" ">
		<subfield code="a">(OCoLC)ocm04101635</subfield>
	  </datafield>
	  <datafield tag="040" ind1=" " ind2=" ">
		<subfield code="a">UIU</subfield>
		<subfield code="c">UIU</subfield>
		<subfield code="d">m/c</subfield>
		<subfield code="d">IUG</subfield>
	  </datafield>
	  <datafield tag="041" ind1="0" ind2=" ">
		<subfield code="g">fre</subfield>
	  </datafield>
	  <datafield tag="045" ind1=" " ind2=" ">
		<subfield code="a">x5x6</subfield>
	  </datafield>
	  <datafield tag="049" ind1=" " ind2=" ">
		<subfield code="a">IUGA</subfield>
	  </datafield>
	  <datafield tag="245" ind1="0" ind2="0">
		<subfield code="a">Musique experimentale.</subfield>
		<subfield code="n">I</subfield>
		<subfield code="h">[sound recording]</subfield>
	  </datafield>
	  <datafield tag="260" ind1="0" ind2=" ">
		<subfield code="a">France :</subfield>
		<subfield code="b">BAM,</subfield>
		<subfield code="c">[196-]</subfield>
	  </datafield>
	  <datafield tag="300" ind1=" " ind2=" ">
		<subfield code="a">1 sound disc :</subfield>
		<subfield code="b">analog, 33 1/3 rpm, mono. ;</subfield>
		<subfield code="c">12 in.</subfield>
	  </datafield>
	  <datafield tag="511" ind1="0" ind2=" ">
		<subfield code="a">Nelly Delmas, reader ; Le Groupe de Recherche Musicales du Service de la Recherche de la R.T.F. ; Pierre Schaeffer, conductor.</subfield>
	  </datafield>
	  <datafield tag="500" ind1=" " ind2=" ">
		<subfield code="a">Electronic music.</subfield>
	  </datafield>
	  <datafield tag="518" ind1=" " ind2=" ">
		<subfield code="a">"Enregistrements raliss par le Group de Recherches Musicales du Service de la Recherche de la R. T. F.; direction; Pierre Schaeffer."</subfield>
	  </datafield>
	  <datafield tag="500" ind1=" " ind2=" ">
		<subfield code="a">Program notes in French on container.</subfield>
	  </datafield>
	  <datafield tag="505" ind1="0" ind2=" ">
		<subfield code="a">Tautologos II / Luc Ferrari -- Texte II / Andr Boucourechliev -- Volumes / Francois-Bernard Mache -- Crucifixion / Romuald Vandelle -- Ambiance II / Michel Philippot ; Toast funbre, pome de S. Mallarm).</subfield>
	  </datafield>
	  <datafield tag="650" ind1=" " ind2="0">
		<subfield code="a">Electronic music.</subfield>
	  </datafield>
	  <datafield tag="650" ind1=" " ind2="0">
		<subfield code="a">Instrumental ensembles.</subfield>
	  </datafield>
	  <datafield tag="700" ind1="1" ind2="0">
		<subfield code="a">Schaeffer, Pierre,</subfield>
		<subfield code="d">1910-1995</subfield>
		 </datafield>
	  <datafield tag="700" ind1="1" ind2="1">
		<subfield code="a">Delmas, Nelly.</subfield>
		  </datafield>
	  <datafield tag="700" ind1="1" ind2="2">
		<subfield code="a">Ferrari, Luc.</subfield>
		<subfield code="t">Tautologos,</subfield>
		<subfield code="n">no. 2.</subfield>
	  </datafield>
	  <datafield tag="700" ind1="1" ind2="2">
		<subfield code="a">Boucourechliev, Andr.</subfield>
		<subfield code="t">Texte,</subfield>
		<subfield code="n">no. 2.</subfield>
	  </datafield>
	  <datafield tag="700" ind1="1" ind2="2">
		<subfield code="a">Mche, Franois Bernard.</subfield>
		<subfield code="t">Volumes.</subfield>
	  </datafield>
	  <datafield tag="700" ind1="1" ind2="2">
		<subfield code="a">Vandelle, Romuald.</subfield>
		<subfield code="t">Crucifixion.</subfield>
		<subfield code="k">Selections.</subfield>
	  </datafield>
	  <datafield tag="700" ind1="1" ind2="2">
		<subfield code="a">Philippot, Michel,</subfield>
		<subfield code="d">1925-</subfield>
		<subfield code="t">Ambiance,</subfield>
		<subfield code="n">no. 2.</subfield>
	  </datafield>
	  <datafield tag="710" ind1="2" ind2="0">
		<subfield code="a">Radiodiffusion-Tlvision franaise.</subfield>
		<subfield code="b">Groupe de recherches musicales.</subfield>
		<subfield code="4">prf</subfield>
	  </datafield>
	  <datafield tag="998" ind1=" " ind2=" ">
		<subfield code="a">3/19/1992</subfield>
		<subfield code="b">4/14/1994</subfield>
		<subfield code="c">3/19/1992</subfield>
	  </datafield>
	  <datafield tag="596" ind1=" " ind2=" ">
		<subfield code="a">20</subfield>
	  </datafield>
	  <datafield tag="999" ind1=" " ind2=" ">
		<subfield code="a">LP ZS8.5 v. 1</subfield>
		<subfield code="w">ASIS</subfield>
		<subfield code="c">1</subfield>
		<subfield code="i">30000002583957</subfield>
		<subfield code="d">1/11/1999</subfield>
		<subfield code="l">PHONORECS</subfield>
		<subfield code="m">B-MUSIC</subfield>
		<subfield code="n">4</subfield>
		<subfield code="r">Y</subfield>
		<subfield code="s">Y</subfield>
		<subfield code="t">AV</subfield>
		<subfield code="u">11/5/2000</subfield>
		<subfield code="z">LP</subfield>
	  </datafield>
	</record>