
	<record>
	  <leader>02216cas a2200445 a 45 0</leader>
	  <controlfield tag="001">a247175</controlfield>
	  <controlfield tag="003">InU</controlfield>
	  <controlfield tag="008">860808d197919uuer  x m       0    0rus d</controlfield>
	  <datafield tag="010" ind1=" " ind2=" ">
		<subfield code="a">sn 92028184</subfield>
	  </datafield>
	  <datafield tag="012" ind1=" " ind2=" ">
		<subfield code="i">9203</subfield>
	  </datafield>
	  <datafield tag="022" ind1=" " ind2=" ">
		<subfield code="a">0207-4702</subfield>
	  </datafield>
	  <datafield tag="035" ind1=" " ind2=" ">
		<subfield code="a">(InU)ACJ9372BB</subfield>
	  </datafield>
	  <datafield tag="035" ind1=" " ind2=" ">
		<subfield code="a">(OCoLC)ocm14063905</subfield>
	  </datafield>
	  <datafield tag="040" ind1=" " ind2=" ">
		<subfield code="a">NOC</subfield>
		<subfield code="c">NOC</subfield>
		<subfield code="d">IUL</subfield>
	  </datafield>
	  <datafield tag="042" ind1=" " ind2=" ">
		<subfield code="a">lcd</subfield>
	  </datafield>
	  <datafield tag="049" ind1=" " ind2=" ">
		<subfield code="a">IULA</subfield>
	  </datafield>
	  <datafield tag="050" ind1="1" ind2="4">
		<subfield code="a">PG3453.B6</subfield>
		<subfield code="b">Z686</subfield>
	  </datafield>
	  <datafield tag="245" ind1="0" ind2="0">
		<subfield code="a">Tartu Riikliku likooli toimetised.</subfield>
		<subfield code="p">Blokovskii sbornik.</subfield>
	  </datafield>
	  <datafield tag="246" ind1="3" ind2="0">
		<subfield code="a">Blokovskii sbornik</subfield>
	  </datafield>
	  <datafield tag="260" ind1=" " ind2=" ">
		<subfield code="a">Tartu :</subfield>
		<subfield code="b">Tartuskii gos. universitet,</subfield>
		<subfield code="c">c1979-</subfield>
	  </datafield>
	  <datafield tag="300" ind1=" " ind2=" ">
		<subfield code="a">v. ;</subfield>
		<subfield code="c">22 cm.</subfield>
	  </datafield>
	  <datafield tag="310" ind1=" " ind2=" ">
		<subfield code="a">Irregular</subfield>
	  </datafield>
	  <datafield tag="362" ind1="0" ind2=" ">
		<subfield code="a">3-</subfield>
	  </datafield>
	  <datafield tag="362" ind1="1" ind2=" ">
		<subfield code="a">Ceased with 10, published in 1989 or 1990.</subfield>
	  </datafield>
	  <datafield tag="440" ind1=" " ind2="0">
		<subfield code="a">Tartu Riikliku likooli toimetised</subfield>
	  </datafield>
	  <datafield tag="591" ind1=" " ind2=" ">
		<subfield code="a"></subfield>
	  </datafield>
	  <datafield tag="600" ind1="1" ind2="0">
		<subfield code="a">Blok, Aleksandr Aleksandrovich,</subfield>
		<subfield code="d">1880-1921.</subfield>
	  </datafield>
	  <datafield tag="710" ind1="2" ind2=" ">
		<subfield code="a">Tartu Riiklik likool.</subfield>
	  </datafield>
	  <datafield tag="780" ind1="0" ind2="0">
		<subfield code="a">Nauchnai?a konferent?sii?a, posvi?ashchennai?a izuchenii?u zhizni i tvorchestva A.A. Bloka.</subfield>
		<subfield code="t">Blokovskii sbornik</subfield>
		<subfield code="w">(DLC)   65051053</subfield>
		<subfield code="w">(OCoLC)1780262</subfield>
	  </datafield>
	  <datafield tag="785" ind1="0" ind2="0">
		<subfield code="t">Blokovskii sbornik</subfield>
		<subfield code="w">(DLC)sn 92028185</subfield>
		<subfield code="w">(OCoLC)25560454</subfield>
	  </datafield>
	  <datafield tag="850" ind1=" " ind2=" ">
		<subfield code="a">InU</subfield>
	  </datafield>
	  <datafield tag="998" ind1=" " ind2=" ">
		<subfield code="a">3/19/1992</subfield>
		<subfield code="b">9/21/1995</subfield>
		<subfield code="c">3/19/1992</subfield>
	  </datafield>
	  <datafield tag="596" ind1=" " ind2=" ">
		<subfield code="a">1</subfield>
	  </datafield>
	  <datafield tag="999" ind1=" " ind2=" ">
		<subfield code="a">PG3453.B6 Z524 v.3 1979</subfield>
		<subfield code="w">LC</subfield>
		<subfield code="c">1</subfield>
		<subfield code="i">39000001830624</subfield>
		<subfield code="d">11/21/2009</subfield>
		<subfield code="e">10/7/2009</subfield>
		<subfield code="l">_RCSTACKS</subfield>
		<subfield code="m">B-WELLS</subfield>
		<subfield code="n">4</subfield>
		<subfield code="q">1</subfield>
		<subfield code="r">Y</subfield>
		<subfield code="s">Y</subfield>
		<subfield code="t">PERIOD</subfield>
		<subfield code="u">11/5/2000</subfield>
		<subfield code="o">.STAFF.  1979</subfield>
	  </datafield>
	  <datafield tag="999" ind1=" " ind2=" ">
		<subfield code="a">PG3453.B6 Z524 v.5 1985</subfield>
		<subfield code="w">LC</subfield>
		<subfield code="c">1</subfield>
		<subfield code="i">39000001075709</subfield>
		<subfield code="d">11/21/2009</subfield>
		<subfield code="e">10/7/2009</subfield>
		<subfield code="l">_RCSTACKS</subfield>
		<subfield code="m">B-WELLS</subfield>
		<subfield code="n">1</subfield>
		<subfield code="q">1</subfield>
		<subfield code="r">Y</subfield>
		<subfield code="s">Y</subfield>
		<subfield code="t">PERIOD</subfield>
		<subfield code="u">11/5/2000</subfield>
		<subfield code="o">.STAFF.  1985</subfield>
	  </datafield>
	  <datafield tag="999" ind1=" " ind2=" ">
		<subfield code="a">PG3453.B6 Z524 v.6 1985</subfield>
		<subfield code="w">LC</subfield>
		<subfield code="c">1</subfield>
		<subfield code="i">39000004434994</subfield>
		<subfield code="d">11/21/2009</subfield>
		<subfield code="e">10/7/2009</subfield>
		<subfield code="l">_RCSTACKS</subfield>
		<subfield code="m">B-WELLS</subfield>
		<subfield code="n">1</subfield>
		<subfield code="q">2</subfield>
		<subfield code="r">Y</subfield>
		<subfield code="s">Y</subfield>
		<subfield code="t">PERIOD</subfield>
		<subfield code="u">11/5/2000</subfield>
		<subfield code="o">.STAFF.  1985</subfield>
	  </datafield>
	  <datafield tag="999" ind1=" " ind2=" ">
		<subfield code="a">PG3453.B6 Z524 v.7 1986</subfield>
		<subfield code="w">LC</subfield>
		<subfield code="c">1</subfield>
		<subfield code="i">39000004433376</subfield>
		<subfield code="d">11/21/2009</subfield>
		<subfield code="e">10/7/2009</subfield>
		<subfield code="l">_RCSTACKS</subfield>
		<subfield code="m">B-WELLS</subfield>
		<subfield code="n">3</subfield>
		<subfield code="r">Y</subfield>
		<subfield code="s">Y</subfield>
		<subfield code="t">PERIOD</subfield>
		<subfield code="u">11/5/2000</subfield>
		<subfield code="o">.STAFF.  1986</subfield>
	  </datafield>
	  <datafield tag="999" ind1=" " ind2=" ">
		<subfield code="a">PG3453.B6 Z524 v.8 1988</subfield>
		<subfield code="w">LC</subfield>
		<subfield code="c">1</subfield>
		<subfield code="i">30000003770454</subfield>
		<subfield code="d">11/21/2009</subfield>
		<subfield code="e">10/7/2009</subfield>
		<subfield code="l">_RCSTACKS</subfield>
		<subfield code="m">B-WELLS</subfield>
		<subfield code="n">4</subfield>
		<subfield code="q">3</subfield>
		<subfield code="r">Y</subfield>
		<subfield code="s">Y</subfield>
		<subfield code="t">PERIOD</subfield>
		<subfield code="u">11/5/2000</subfield>
		<subfield code="o">.STAFF.  1988</subfield>
	  </datafield>
	  <datafield tag="999" ind1=" " ind2=" ">
		<subfield code="a">PG3453.B6 Z524 v.9 1989</subfield>
		<subfield code="w">LC</subfield>
		<subfield code="c">1</subfield>
		<subfield code="i">30000000764575</subfield>
		<subfield code="d">11/21/2009</subfield>
		<subfield code="e">10/7/2009</subfield>
		<subfield code="l">_RCSTACKS</subfield>
		<subfield code="m">B-WELLS</subfield>
		<subfield code="q">1</subfield>
		<subfield code="r">Y</subfield>
		<subfield code="s">Y</subfield>
		<subfield code="t">PERIOD</subfield>
		<subfield code="u">11/5/2000</subfield>
		<subfield code="o">.STAFF.  1989</subfield>
	  </datafield>
	  <datafield tag="999" ind1=" " ind2=" ">
		<subfield code="a">PG3453.B6 Z524 v.10 1990</subfield>
		<subfield code="w">LC</subfield>
		<subfield code="c">1</subfield>
		<subfield code="i">30000026581946</subfield>
		<subfield code="d">12/29/2009</subfield>
		<subfield code="e">10/7/2009</subfield>
		<subfield code="l">_RCSTACKS</subfield>
		<subfield code="m">B-WELLS</subfield>
		<subfield code="q">5</subfield>
		<subfield code="r">Y</subfield>
		<subfield code="s">Y</subfield>
		<subfield code="t">PERIOD</subfield>
		<subfield code="u">11/5/2000</subfield>
		<subfield code="o">.STAFF.  1990</subfield>
	  </datafield>
	</record>