
	<record>
	  <leader>07806cas a2201057   4500</leader>
	  <controlfield tag="001">a247537</controlfield>
	  <controlfield tag="003">InU</controlfield>
	  <controlfield tag="008">781115c19649999ko br p       0    0kor  </controlfield>
	  <datafield tag="010" ind1=" " ind2=" ">
		<subfield code="a">   78645878</subfield>
	  </datafield>
	  <datafield tag="012" ind1=" " ind2=" ">
		<subfield code="a">4</subfield>
		<subfield code="i">9209</subfield>
	  </datafield>
	  <datafield tag="022" ind1=" " ind2=" ">
		<subfield code="a">1227-0024</subfield>
		<subfield code="l">1227-0024</subfield>
	  </datafield>
	  <datafield tag="035" ind1=" " ind2=" ">
		<subfield code="a">(OCoLC)4375604</subfield>
	  </datafield>
	  <datafield tag="035" ind1=" " ind2=" ">
		<subfield code="a">(OCoLC)ocm04375604</subfield>
	  </datafield>
	  <datafield tag="037" ind1=" " ind2=" ">
		<subfield code="b">1-28, Tongsoong Tong, Chongno ku, Seoul</subfield>
	  </datafield>
	  <datafield tag="040" ind1=" " ind2=" ">
		<subfield code="a">DLC</subfield>
		<subfield code="c">DLC</subfield>
		<subfield code="d">IUL</subfield>
		<subfield code="d">OCL</subfield>
		<subfield code="d">SYS</subfield>
		<subfield code="d">WAU</subfield>
		<subfield code="d">OCLCQ</subfield>
		<subfield code="d">IUL</subfield>
	  </datafield>
	  <datafield tag="042" ind1=" " ind2=" ">
		<subfield code="a">pcc</subfield>
	  </datafield>
	  <datafield tag="049" ind1=" " ind2=" ">
		<subfield code="a">IULA</subfield>
	  </datafield>
	  <datafield tag="050" ind1="0" ind2="0">
		<subfield code="a">AP95.K6</subfield>
		<subfield code="b">K57</subfield>
	  </datafield>
	  <datafield tag="245" ind1="0" ind2="0">
		<subfield code="6">880-01</subfield>
		<subfield code="a">Kirŏgi.</subfield>
	  </datafield>
	  <datafield tag="246" ind1="1" ind2="0">
		<subfield code="6">880-02</subfield>
		<subfield code="a">Wolgan kirŏgi</subfield>
	  </datafield>
	  <datafield tag="260" ind1=" " ind2=" ">
		<subfield code="6">880-03</subfield>
		<subfield code="a">[Sŏul,</subfield>
		<subfield code="b">Hŭngsadan]</subfield>
	  </datafield>
	  <datafield tag="265" ind1=" " ind2=" ">
		<subfield code="a">1-28, Tongsoong Tong, Chongno ku, Seoul</subfield>
	  </datafield>
	  <datafield tag="300" ind1=" " ind2=" ">
		<subfield code="a">v.</subfield>
		<subfield code="b">ill.</subfield>
		<subfield code="c">21-26 cm.</subfield>
	  </datafield>
	  <datafield tag="310" ind1=" " ind2=" ">
		<subfield code="a">Bimonthly,</subfield>
		<subfield code="b">2008-</subfield>
	  </datafield>
	  <datafield tag="321" ind1=" " ind2=" ">
		<subfield code="a">Monthly,</subfield>
		<subfield code="b">1991-2007</subfield>
	  </datafield>
	  <datafield tag="321" ind1=" " ind2=" ">
		<subfield code="a">Frequency varies,</subfield>
		<subfield code="b">1964-1990</subfield>
	  </datafield>
	  <datafield tag="362" ind1="1" ind2=" ">
		<subfield code="a">Began with Chʻanggan-ho, published in 1964.</subfield>
	  </datafield>
	  <datafield tag="500" ind1=" " ind2=" ">
		<subfield code="a">Title from caption.</subfield>
	  </datafield>
	  <datafield tag="500" ind1=" " ind2=" ">
		<subfield code="a">Some issues have title: Wolgan kirŏgi.</subfield>
	  </datafield>
	  <datafield tag="710" ind1="2" ind2=" ">
		<subfield code="6">880-04</subfield>
		<subfield code="a">Hŭngsadan.</subfield>
	  </datafield>
	  <datafield tag="776" ind1="0" ind2="8">
		<subfield code="i">Online version:</subfield>
		<subfield code="t">Kirŏgi</subfield>
		<subfield code="w">(OCoLC)610590301</subfield>
	  </datafield>
	  <datafield tag="850" ind1=" " ind2=" ">
		<subfield code="a">InU</subfield>
	  </datafield>
	  <datafield tag="880" ind1="0" ind2="0">
		<subfield code="a"></subfield>
	  </datafield>
	  <datafield tag="880" ind1="1" ind2="0">
		<subfield code="a"></subfield>
	  </datafield>
	  <datafield tag="880" ind1=" " ind2=" ">
		<subfield code="a"></subfield>
	  </datafield>
	  <datafield tag="880" ind1="2" ind2=" ">
		<subfield code="a"></subfield>
	  </datafield>
	  <datafield tag="891" ind1="1" ind2="0">
		<subfield code="9">853</subfield>
		<subfield code="8">1</subfield>
		<subfield code="a">no.</subfield>
		<subfield code="i">(year)</subfield>
		<subfield code="j">(month)</subfield>
		<subfield code="w">m</subfield>
	  </datafield>
	  <datafield tag="891" ind1="4" ind2="1">
		<subfield code="9">863</subfield>
		<subfield code="8">1</subfield>
		<subfield code="a">&lt;49,51&gt;</subfield>
		<subfield code="i">&lt;1968&gt;</subfield>
		<subfield code="x">provisional</subfield>
	  </datafield>
	  <datafield tag="891" ind1="0" ind2="0">
		<subfield code="9">853</subfield>
		<subfield code="8">2</subfield>
		<subfield code="a">v.</subfield>
		<subfield code="b">no.</subfield>
		<subfield code="g">no.</subfield>
		<subfield code="i">(year)</subfield>
		<subfield code="j">(month)</subfield>
	  </datafield>
	  <datafield tag="891" ind1="4" ind2="0">
		<subfield code="9">863</subfield>
		<subfield code="8">2</subfield>
		<subfield code="a">&lt;5&gt;</subfield>
		<subfield code="g">&lt;54&gt;-</subfield>
		<subfield code="i">&lt;1969&gt;</subfield>
		<subfield code="x">provisional</subfield>
	  </datafield>
	  <datafield tag="936" ind1=" " ind2=" ">
		<subfield code="a">2001, 1  LIC</subfield>
	  </datafield>
	  <datafield tag="994" ind1=" " ind2=" ">
		<subfield code="a">C0</subfield>
		<subfield code="b">IUL</subfield>
	  </datafield>
	  <datafield tag="035" ind1=" " ind2=" ">
		<subfield code="a">(OCoLC)ocm04375604</subfield>
	  </datafield>
	  <datafield tag="035" ind1=" " ind2=" ">
		<subfield code="a">(OCoLC)4375604</subfield>
	  </datafield>
	  <datafield tag="035" ind1=" " ind2=" ">
		<subfield code="a">(InU)ACK0094BB</subfield>
	  </datafield>
	  <datafield tag="591" ind1=" " ind2=" ">
		<subfield code="a"></subfield>
	  </datafield>
	  <datafield tag="596" ind1=" " ind2=" ">
		<subfield code="a">1</subfield>
	  </datafield>
	  <datafield tag="999" ind1=" " ind2=" ">
		<subfield code="a">AP95.K6 K57 no.1-17 1964-1965</subfield>
		<subfield code="w">LC</subfield>
		<subfield code="c">1</subfield>
		<subfield code="i">30000006507630</subfield>
		<subfield code="d">4/23/2002</subfield>
		<subfield code="l">_RCKOREAN</subfield>
		<subfield code="m">B-WELLS</subfield>
		<subfield code="q">1</subfield>
		<subfield code="r">Y</subfield>
		<subfield code="s">Y</subfield>
		<subfield code="t">PERIOD</subfield>
		<subfield code="u">11/5/2000</subfield>
		<subfield code="x">EASTASIAN</subfield>
		<subfield code="o">.STAFF.  1964-1965</subfield>
	  </datafield>
	  <datafield tag="999" ind1=" " ind2=" ">
		<subfield code="a">AP95.K6 K57 no.18-29 1966</subfield>
		<subfield code="w">LC</subfield>
		<subfield code="c">1</subfield>
		<subfield code="i">30000006507648</subfield>
		<subfield code="l">_RCKOREAN</subfield>
		<subfield code="m">B-WELLS</subfield>
		<subfield code="r">Y</subfield>
		<subfield code="s">Y</subfield>
		<subfield code="t">PERIOD</subfield>
		<subfield code="u">11/5/2000</subfield>
		<subfield code="x">EASTASIAN</subfield>
		<subfield code="o">.STAFF.  1966</subfield>
	  </datafield>
	  <datafield tag="999" ind1=" " ind2=" ">
		<subfield code="a">AP95.K6 K57 no.30-41 1967</subfield>
		<subfield code="w">LC</subfield>
		<subfield code="c">1</subfield>
		<subfield code="i">30000006507655</subfield>
		<subfield code="l">_RCKOREAN</subfield>
		<subfield code="m">B-WELLS</subfield>
		<subfield code="r">Y</subfield>
		<subfield code="s">Y</subfield>
		<subfield code="t">PERIOD</subfield>
		<subfield code="u">11/5/2000</subfield>
		<subfield code="x">EASTASIAN</subfield>
		<subfield code="o">.STAFF.  1967</subfield>
	  </datafield>
	  <datafield tag="999" ind1=" " ind2=" ">
		<subfield code="a">AP95.K6 K57 no.42-53 1968</subfield>
		<subfield code="w">LC</subfield>
		<subfield code="c">1</subfield>
		<subfield code="i">30000006507663</subfield>
		<subfield code="l">_RCKOREAN</subfield>
		<subfield code="m">B-WELLS</subfield>
		<subfield code="r">Y</subfield>
		<subfield code="s">Y</subfield>
		<subfield code="t">PERIOD</subfield>
		<subfield code="u">11/5/2000</subfield>
		<subfield code="x">EASTASIAN</subfield>
		<subfield code="o">.STAFF.  1968</subfield>
	  </datafield>
	  <datafield tag="999" ind1=" " ind2=" ">
		<subfield code="a">AP95.K6 K57 no.54-69 1969-1970</subfield>
		<subfield code="w">LC</subfield>
		<subfield code="c">1</subfield>
		<subfield code="i">30000006507689</subfield>
		<subfield code="l">_RCKOREAN</subfield>
		<subfield code="m">B-WELLS</subfield>
		<subfield code="r">Y</subfield>
		<subfield code="s">Y</subfield>
		<subfield code="t">PERIOD</subfield>
		<subfield code="u">11/5/2000</subfield>
		<subfield code="x">EASTASIAN</subfield>
		<subfield code="o">.STAFF.  1969-1970</subfield>
	  </datafield>
	  <datafield tag="999" ind1=" " ind2=" ">
		<subfield code="a">AP95.K6 K57 no.70-77 1970</subfield>
		<subfield code="w">LC</subfield>
		<subfield code="c">1</subfield>
		<subfield code="i">30000006507671</subfield>
		<subfield code="l">_RCKOREAN</subfield>
		<subfield code="m">B-WELLS</subfield>
		<subfield code="r">Y</subfield>
		<subfield code="s">Y</subfield>
		<subfield code="t">PERIOD</subfield>
		<subfield code="u">11/5/2000</subfield>
		<subfield code="x">EASTASIAN</subfield>
		<subfield code="o">.STAFF.  1970</subfield>
	  </datafield>
	  <datafield tag="999" ind1=" " ind2=" ">
		<subfield code="a">AP95.K6 K57 no.78-89 1971</subfield>
		<subfield code="w">LC</subfield>
		<subfield code="c">1</subfield>
		<subfield code="i">30000006507697</subfield>
		<subfield code="l">_RCKOREAN</subfield>
		<subfield code="m">B-WELLS</subfield>
		<subfield code="r">Y</subfield>
		<subfield code="s">Y</subfield>
		<subfield code="t">PERIOD</subfield>
		<subfield code="u">11/5/2000</subfield>
		<subfield code="x">EASTASIAN</subfield>
		<subfield code="o">.STAFF.  1971</subfield>
	  </datafield>
	  <datafield tag="999" ind1=" " ind2=" ">
		<subfield code="a">AP95.K6 K57 no.90-99 1972</subfield>
		<subfield code="w">LC</subfield>
		<subfield code="c">1</subfield>
		<subfield code="i">30000006507705</subfield>
		<subfield code="l">_RCKOREAN</subfield>
		<subfield code="m">B-WELLS</subfield>
		<subfield code="r">Y</subfield>
		<subfield code="s">Y</subfield>
		<subfield code="t">PERIOD</subfield>
		<subfield code="u">11/5/2000</subfield>
		<subfield code="x">EASTASIAN</subfield>
		<subfield code="o">.STAFF.  1972</subfield>
	  </datafield>
	  <datafield tag="999" ind1=" " ind2=" ">
		<subfield code="a">AP95.K6 K57 no.100-109 1973</subfield>
		<subfield code="w">LC</subfield>
		<subfield code="c">1</subfield>
		<subfield code="i">30000006507713</subfield>
		<subfield code="l">_RCKOREAN</subfield>
		<subfield code="m">B-WELLS</subfield>
		<subfield code="r">Y</subfield>
		<subfield code="s">Y</subfield>
		<subfield code="t">PERIOD</subfield>
		<subfield code="u">11/5/2000</subfield>
		<subfield code="x">EASTASIAN</subfield>
		<subfield code="o">.STAFF.  1973</subfield>
	  </datafield>
	  <datafield tag="999" ind1=" " ind2=" ">
		<subfield code="a">AP95.K6 K57 no.198-208 1982</subfield>
		<subfield code="w">LC</subfield>
		<subfield code="c">1</subfield>
		<subfield code="i">32000000457517</subfield>
		<subfield code="l">_RCKOREAN</subfield>
		<subfield code="m">B-WELLS</subfield>
		<subfield code="r">Y</subfield>
		<subfield code="s">Y</subfield>
		<subfield code="t">PERIOD</subfield>
		<subfield code="u">11/5/2000</subfield>
		<subfield code="x">EASTASIAN</subfield>
		<subfield code="o">.STAFF.  1982</subfield>
	  </datafield>
	  <datafield tag="999" ind1=" " ind2=" ">
		<subfield code="a">AP95.K6 K57 no.253-263 1987</subfield>
		<subfield code="w">LC</subfield>
		<subfield code="c">1</subfield>
		<subfield code="i">32000000457525</subfield>
		<subfield code="l">_RCKOREAN</subfield>
		<subfield code="m">B-WELLS</subfield>
		<subfield code="r">Y</subfield>
		<subfield code="s">Y</subfield>
		<subfield code="t">PERIOD</subfield>
		<subfield code="u">11/5/2000</subfield>
		<subfield code="x">EASTASIAN</subfield>
		<subfield code="o">.STAFF.  1987</subfield>
	  </datafield>
	  <datafield tag="999" ind1=" " ind2=" ">
		<subfield code="a">AP95.K6 K57 no.264-274 1988</subfield>
		<subfield code="w">LC</subfield>
		<subfield code="c">1</subfield>
		<subfield code="i">32000000457533</subfield>
		<subfield code="l">_RCKOREAN</subfield>
		<subfield code="m">B-WELLS</subfield>
		<subfield code="r">Y</subfield>
		<subfield code="s">Y</subfield>
		<subfield code="t">PERIOD</subfield>
		<subfield code="u">11/5/2000</subfield>
		<subfield code="x">EASTASIAN</subfield>
		<subfield code="o">.STAFF.  1988</subfield>
	  </datafield>
	  <datafield tag="999" ind1=" " ind2=" ">
		<subfield code="a">AP95.K6 K57 no.275-285 1989</subfield>
		<subfield code="w">LC</subfield>
		<subfield code="c">1</subfield>
		<subfield code="i">32000000457541</subfield>
		<subfield code="l">_RCKOREAN</subfield>
		<subfield code="m">B-WELLS</subfield>
		<subfield code="r">Y</subfield>
		<subfield code="s">Y</subfield>
		<subfield code="t">PERIOD</subfield>
		<subfield code="u">11/5/2000</subfield>
		<subfield code="x">EASTASIAN</subfield>
		<subfield code="o">.STAFF.  1989</subfield>
	  </datafield>
	  <datafield tag="999" ind1=" " ind2=" ">
		<subfield code="a">AP95.K6 K57 no.286-296 1990</subfield>
		<subfield code="w">LC</subfield>
		<subfield code="c">1</subfield>
		<subfield code="i">32000000457558</subfield>
		<subfield code="l">_RCKOREAN</subfield>
		<subfield code="m">B-WELLS</subfield>
		<subfield code="r">Y</subfield>
		<subfield code="s">Y</subfield>
		<subfield code="t">PERIOD</subfield>
		<subfield code="u">11/5/2000</subfield>
		<subfield code="x">EASTASIAN</subfield>
		<subfield code="o">.STAFF.  1990</subfield>
	  </datafield>
	  <datafield tag="999" ind1=" " ind2=" ">
		<subfield code="a">AP95.K6 K57 no.110-119 1974</subfield>
		<subfield code="w">LC</subfield>
		<subfield code="c">1</subfield>
		<subfield code="i">32000000457624</subfield>
		<subfield code="l">_RCKOREAN</subfield>
		<subfield code="m">B-WELLS</subfield>
		<subfield code="r">Y</subfield>
		<subfield code="s">Y</subfield>
		<subfield code="t">PERIOD</subfield>
		<subfield code="u">11/5/2000</subfield>
		<subfield code="x">EASTASIAN</subfield>
		<subfield code="o">.STAFF.  1974</subfield>
	  </datafield>
	  <datafield tag="999" ind1=" " ind2=" ">
		<subfield code="a">AP95.K6 K57 no.120-129 1975</subfield>
		<subfield code="w">LC</subfield>
		<subfield code="c">1</subfield>
		<subfield code="i">32000000457632</subfield>
		<subfield code="d">4/23/2002</subfield>
		<subfield code="l">_RCKOREAN</subfield>
		<subfield code="m">B-WELLS</subfield>
		<subfield code="q">1</subfield>
		<subfield code="r">Y</subfield>
		<subfield code="s">Y</subfield>
		<subfield code="t">PERIOD</subfield>
		<subfield code="u">11/5/2000</subfield>
		<subfield code="x">EASTASIAN</subfield>
		<subfield code="o">.STAFF.  1975</subfield>
	  </datafield>
	  <datafield tag="999" ind1=" " ind2=" ">
		<subfield code="a">AP95.K6 K57 no.130-140 1976</subfield>
		<subfield code="w">LC</subfield>
		<subfield code="c">1</subfield>
		<subfield code="i">32000000457640</subfield>
		<subfield code="l">_RCKOREAN</subfield>
		<subfield code="m">B-WELLS</subfield>
		<subfield code="r">Y</subfield>
		<subfield code="s">Y</subfield>
		<subfield code="t">PERIOD</subfield>
		<subfield code="u">11/5/2000</subfield>
		<subfield code="x">EASTASIAN</subfield>
		<subfield code="o">.STAFF.  1976</subfield>
	  </datafield>
	  <datafield tag="999" ind1=" " ind2=" ">
		<subfield code="a">AP95.K6 K57 no.141-151 1977</subfield>
		<subfield code="w">LC</subfield>
		<subfield code="c">1</subfield>
		<subfield code="i">32000000457657</subfield>
		<subfield code="l">_RCKOREAN</subfield>
		<subfield code="m">B-WELLS</subfield>
		<subfield code="r">Y</subfield>
		<subfield code="s">Y</subfield>
		<subfield code="t">PERIOD</subfield>
		<subfield code="u">11/5/2000</subfield>
		<subfield code="x">EASTASIAN</subfield>
		<subfield code="o">.STAFF.  1977</subfield>
	  </datafield>
	  <datafield tag="999" ind1=" " ind2=" ">
		<subfield code="a">AP95.K6 K57 no.152-162 1978</subfield>
		<subfield code="w">LC</subfield>
		<subfield code="c">1</subfield>
		<subfield code="i">32000000457665</subfield>
		<subfield code="l">_RCKOREAN</subfield>
		<subfield code="m">B-WELLS</subfield>
		<subfield code="r">Y</subfield>
		<subfield code="s">Y</subfield>
		<subfield code="t">PERIOD</subfield>
		<subfield code="u">11/5/2000</subfield>
		<subfield code="x">EASTASIAN</subfield>
		<subfield code="o">.STAFF.  1978</subfield>
	  </datafield>
	  <datafield tag="999" ind1=" " ind2=" ">
		<subfield code="a">AP95.K6 K57 no.163-174 1979</subfield>
		<subfield code="w">LC</subfield>
		<subfield code="c">1</subfield>
		<subfield code="i">32000000457673</subfield>
		<subfield code="l">_RCKOREAN</subfield>
		<subfield code="m">B-WELLS</subfield>
		<subfield code="r">Y</subfield>
		<subfield code="s">Y</subfield>
		<subfield code="t">PERIOD</subfield>
		<subfield code="u">11/5/2000</subfield>
		<subfield code="x">EASTASIAN</subfield>
		<subfield code="o">.STAFF.  1979</subfield>
	  </datafield>
	  <datafield tag="999" ind1=" " ind2=" ">
		<subfield code="a">AP95.K6 K57 no.175-185 1980</subfield>
		<subfield code="w">LC</subfield>
		<subfield code="c">1</subfield>
		<subfield code="i">32000000457681</subfield>
		<subfield code="l">_RCKOREAN</subfield>
		<subfield code="m">B-WELLS</subfield>
		<subfield code="r">Y</subfield>
		<subfield code="s">Y</subfield>
		<subfield code="t">PERIOD</subfield>
		<subfield code="u">11/5/2000</subfield>
		<subfield code="x">EASTASIAN</subfield>
		<subfield code="o">.STAFF.  1980</subfield>
	  </datafield>
	  <datafield tag="999" ind1=" " ind2=" ">
		<subfield code="a">AP95.K6 K57 no.186-197 1981</subfield>
		<subfield code="w">LC</subfield>
		<subfield code="c">1</subfield>
		<subfield code="i">32000000457699</subfield>
		<subfield code="l">_RCKOREAN</subfield>
		<subfield code="m">B-WELLS</subfield>
		<subfield code="r">Y</subfield>
		<subfield code="s">Y</subfield>
		<subfield code="t">PERIOD</subfield>
		<subfield code="u">11/5/2000</subfield>
		<subfield code="x">EASTASIAN</subfield>
		<subfield code="o">.STAFF.  1981</subfield>
	  </datafield>
	  <datafield tag="999" ind1=" " ind2=" ">
		<subfield code="a">AP95.K6 K57 no.209-219 1983</subfield>
		<subfield code="w">LC</subfield>
		<subfield code="c">1</subfield>
		<subfield code="i">32000000457707</subfield>
		<subfield code="l">_RCKOREAN</subfield>
		<subfield code="m">B-WELLS</subfield>
		<subfield code="r">Y</subfield>
		<subfield code="s">Y</subfield>
		<subfield code="t">PERIOD</subfield>
		<subfield code="u">11/5/2000</subfield>
		<subfield code="x">EASTASIAN</subfield>
		<subfield code="o">.STAFF.  1983</subfield>
	  </datafield>
	  <datafield tag="999" ind1=" " ind2=" ">
		<subfield code="a">AP95.K6 K57 no.220-230 1984</subfield>
		<subfield code="w">LC</subfield>
		<subfield code="c">1</subfield>
		<subfield code="i">32000000457715</subfield>
		<subfield code="l">_RCKOREAN</subfield>
		<subfield code="m">B-WELLS</subfield>
		<subfield code="r">Y</subfield>
		<subfield code="s">Y</subfield>
		<subfield code="t">PERIOD</subfield>
		<subfield code="u">11/5/2000</subfield>
		<subfield code="x">EASTASIAN</subfield>
		<subfield code="o">.STAFF.  1984</subfield>
	  </datafield>
	  <datafield tag="999" ind1=" " ind2=" ">
		<subfield code="a">AP95.K6 K57 no.231-241 1985</subfield>
		<subfield code="w">LC</subfield>
		<subfield code="c">1</subfield>
		<subfield code="i">32000000457723</subfield>
		<subfield code="d">4/23/2002</subfield>
		<subfield code="l">_RCKOREAN</subfield>
		<subfield code="m">B-WELLS</subfield>
		<subfield code="q">1</subfield>
		<subfield code="r">Y</subfield>
		<subfield code="s">Y</subfield>
		<subfield code="t">PERIOD</subfield>
		<subfield code="u">11/5/2000</subfield>
		<subfield code="x">EASTASIAN</subfield>
		<subfield code="o">.STAFF.  1985</subfield>
	  </datafield>
	  <datafield tag="999" ind1=" " ind2=" ">
		<subfield code="a">AP95.K6 K57 no.242-252 1986</subfield>
		<subfield code="w">LC</subfield>
		<subfield code="c">1</subfield>
		<subfield code="i">32000000457731</subfield>
		<subfield code="l">_RCKOREAN</subfield>
		<subfield code="m">B-WELLS</subfield>
		<subfield code="r">Y</subfield>
		<subfield code="s">Y</subfield>
		<subfield code="t">PERIOD</subfield>
		<subfield code="u">11/5/2000</subfield>
		<subfield code="x">EASTASIAN</subfield>
		<subfield code="o">.STAFF.  1986</subfield>
	  </datafield>
	  <datafield tag="999" ind1=" " ind2=" ">
		<subfield code="a">AP95.K6 K57 no.297-307 1991</subfield>
		<subfield code="w">LC</subfield>
		<subfield code="c">1</subfield>
		<subfield code="i">30000026612295</subfield>
		<subfield code="l">_RCKOREAN</subfield>
		<subfield code="m">B-WELLS</subfield>
		<subfield code="r">Y</subfield>
		<subfield code="s">Y</subfield>
		<subfield code="t">PERIOD</subfield>
		<subfield code="u">11/5/2000</subfield>
		<subfield code="x">EASTASIAN</subfield>
		<subfield code="o">.STAFF.  1991</subfield>
	  </datafield>
	  <datafield tag="999" ind1=" " ind2=" ">
		<subfield code="a">AP95.K6 K57 no.308-318 1992</subfield>
		<subfield code="w">LC</subfield>
		<subfield code="c">1</subfield>
		<subfield code="i">30000028784159</subfield>
		<subfield code="l">_RCKOREAN</subfield>
		<subfield code="m">B-WELLS</subfield>
		<subfield code="r">Y</subfield>
		<subfield code="s">Y</subfield>
		<subfield code="t">PERIOD</subfield>
		<subfield code="u">11/5/2000</subfield>
		<subfield code="x">EASTASIAN</subfield>
		<subfield code="o">.STAFF.  1992</subfield>
	  </datafield>
	  <datafield tag="999" ind1=" " ind2=" ">
		<subfield code="a">AP95.K6 K57 no.319-329 1993</subfield>
		<subfield code="w">LC</subfield>
		<subfield code="c">1</subfield>
		<subfield code="i">30000008316394</subfield>
		<subfield code="d">9/22/1994</subfield>
		<subfield code="l">_RCKOREAN</subfield>
		<subfield code="m">B-WELLS</subfield>
		<subfield code="q">1</subfield>
		<subfield code="r">Y</subfield>
		<subfield code="s">Y</subfield>
		<subfield code="t">PERIOD</subfield>
		<subfield code="u">11/5/2000</subfield>
		<subfield code="x">EASTASIAN</subfield>
		<subfield code="o">.STAFF.  1993</subfield>
	  </datafield>
	  <datafield tag="999" ind1=" " ind2=" ">
		<subfield code="a">AP95.K6 K57 no.330-339 1994</subfield>
		<subfield code="w">LC</subfield>
		<subfield code="c">1</subfield>
		<subfield code="i">30000046328849</subfield>
		<subfield code="d">7/6/1995</subfield>
		<subfield code="l">_RCKOREAN</subfield>
		<subfield code="m">B-WELLS</subfield>
		<subfield code="q">1</subfield>
		<subfield code="r">Y</subfield>
		<subfield code="s">Y</subfield>
		<subfield code="t">PERIOD</subfield>
		<subfield code="u">11/5/2000</subfield>
		<subfield code="x">EASTASIAN</subfield>
		<subfield code="o">.STAFF.  1994</subfield>
	  </datafield>
	  <datafield tag="999" ind1=" " ind2=" ">
		<subfield code="a">AP95.K6 K57 no.340-350 1995</subfield>
		<subfield code="w">LC</subfield>
		<subfield code="c">1</subfield>
		<subfield code="i">30000046262592</subfield>
		<subfield code="d">4/23/2002</subfield>
		<subfield code="l">_RCKOREAN</subfield>
		<subfield code="m">B-WELLS</subfield>
		<subfield code="q">2</subfield>
		<subfield code="r">Y</subfield>
		<subfield code="s">Y</subfield>
		<subfield code="t">PERIOD</subfield>
		<subfield code="u">11/5/2000</subfield>
		<subfield code="x">EASTASIAN</subfield>
		<subfield code="o">.STAFF.  1995</subfield>
	  </datafield>
	  <datafield tag="999" ind1=" " ind2=" ">
		<subfield code="a">AP95.K6 K57 no.351-360 1996</subfield>
		<subfield code="w">LC</subfield>
		<subfield code="c">1</subfield>
		<subfield code="i">30000046871632</subfield>
		<subfield code="d">6/17/1997</subfield>
		<subfield code="l">_RCKOREAN</subfield>
		<subfield code="m">B-WELLS</subfield>
		<subfield code="q">1</subfield>
		<subfield code="r">Y</subfield>
		<subfield code="s">Y</subfield>
		<subfield code="t">PERIOD</subfield>
		<subfield code="u">11/5/2000</subfield>
		<subfield code="x">EASTASIAN</subfield>
		<subfield code="o">.STAFF.  1996</subfield>
	  </datafield>
	  <datafield tag="999" ind1=" " ind2=" ">
		<subfield code="a">AP95.K6 K57 no.361-370 1997</subfield>
		<subfield code="w">LC</subfield>
		<subfield code="c">1</subfield>
		<subfield code="i">30000046980615</subfield>
		<subfield code="d">6/11/1998</subfield>
		<subfield code="l">_RCKOREAN</subfield>
		<subfield code="m">B-WELLS</subfield>
		<subfield code="q">1</subfield>
		<subfield code="r">Y</subfield>
		<subfield code="s">Y</subfield>
		<subfield code="t">PERIOD</subfield>
		<subfield code="u">11/5/2000</subfield>
		<subfield code="x">EASTASIAN</subfield>
		<subfield code="o">.STAFF.  1997</subfield>
	  </datafield>
	  <datafield tag="999" ind1=" " ind2=" ">
		<subfield code="a">AP95.K6 K57 no.371-380 1998</subfield>
		<subfield code="w">LC</subfield>
		<subfield code="c">1</subfield>
		<subfield code="i">30000070066844</subfield>
		<subfield code="d">5/11/1999</subfield>
		<subfield code="l">_RCKOREAN</subfield>
		<subfield code="m">B-WELLS</subfield>
		<subfield code="q">1</subfield>
		<subfield code="r">Y</subfield>
		<subfield code="s">Y</subfield>
		<subfield code="t">PERIOD</subfield>
		<subfield code="u">11/5/2000</subfield>
		<subfield code="x">EASTASIAN</subfield>
		<subfield code="o">.STAFF.  1998</subfield>
	  </datafield>
	  <datafield tag="999" ind1=" " ind2=" ">
		<subfield code="a">AP95.K6 K57 no.381-390 1999</subfield>
		<subfield code="w">LC</subfield>
		<subfield code="c">1</subfield>
		<subfield code="i">30000071197283</subfield>
		<subfield code="l">_RCKOREAN</subfield>
		<subfield code="m">B-WELLS</subfield>
		<subfield code="r">Y</subfield>
		<subfield code="s">Y</subfield>
		<subfield code="t">PERIOD</subfield>
		<subfield code="u">11/5/2000</subfield>
		<subfield code="x">EASTASIAN</subfield>
	  </datafield>
	  <datafield tag="999" ind1=" " ind2=" ">
		<subfield code="a">AP95.K6 K57 no.391-400 2000</subfield>
		<subfield code="w">LC</subfield>
		<subfield code="c">1</subfield>
		<subfield code="i">30000080828241</subfield>
		<subfield code="d">3/26/2002</subfield>
		<subfield code="e">2/12/2002</subfield>
		<subfield code="l">_RCKOREAN</subfield>
		<subfield code="m">B-WELLS</subfield>
		<subfield code="q">1</subfield>
		<subfield code="r">Y</subfield>
		<subfield code="s">Y</subfield>
		<subfield code="t">PERIOD</subfield>
		<subfield code="u">2/12/2002</subfield>
		<subfield code="x">EASTASIAN</subfield>
	  </datafield>
	  <datafield tag="999" ind1=" " ind2=" ">
		<subfield code="a">AP95.K6 K57 no.401-412 2001</subfield>
		<subfield code="w">LC</subfield>
		<subfield code="c">1</subfield>
		<subfield code="i">30000080828258</subfield>
		<subfield code="d">3/26/2002</subfield>
		<subfield code="e">2/12/2002</subfield>
		<subfield code="l">_RCKOREAN</subfield>
		<subfield code="m">B-WELLS</subfield>
		<subfield code="q">1</subfield>
		<subfield code="r">Y</subfield>
		<subfield code="s">Y</subfield>
		<subfield code="t">PERIOD</subfield>
		<subfield code="u">2/12/2002</subfield>
		<subfield code="x">EASTASIAN</subfield>
	  </datafield>
	  <datafield tag="999" ind1=" " ind2=" ">
		<subfield code="a">AP95.K6 K57 no.413-424 2002</subfield>
		<subfield code="w">LC</subfield>
		<subfield code="c">1</subfield>
		<subfield code="i">30000088016849</subfield>
		<subfield code="d">8/24/2003</subfield>
		<subfield code="e">7/1/2003</subfield>
		<subfield code="l">_RCKOREAN</subfield>
		<subfield code="m">B-WELLS</subfield>
		<subfield code="q">1</subfield>
		<subfield code="r">Y</subfield>
		<subfield code="s">Y</subfield>
		<subfield code="t">PERIOD</subfield>
		<subfield code="u">7/1/2003</subfield>
		<subfield code="x">EASTASIAN</subfield>
	  </datafield>
	  <datafield tag="999" ind1=" " ind2=" ">
		<subfield code="a">AP95.K6 K57 no.425-435 2003</subfield>
		<subfield code="w">LC</subfield>
		<subfield code="c">1</subfield>
		<subfield code="i">30000092811896</subfield>
		<subfield code="d">6/26/2004</subfield>
		<subfield code="e">4/5/2004</subfield>
		<subfield code="l">_RCKOREAN</subfield>
		<subfield code="m">B-WELLS</subfield>
		<subfield code="q">2</subfield>
		<subfield code="r">Y</subfield>
		<subfield code="s">Y</subfield>
		<subfield code="t">PERIOD</subfield>
		<subfield code="u">4/5/2004</subfield>
		<subfield code="x">EASTASIAN</subfield>
	  </datafield>
	  <datafield tag="999" ind1=" " ind2=" ">
		<subfield code="a">AP95.K6 K57 no.436-446 2004 inc.</subfield>
		<subfield code="w">LC</subfield>
		<subfield code="c">1</subfield>
		<subfield code="i">30000107694055</subfield>
		<subfield code="d">2/17/2006</subfield>
		<subfield code="e">6/30/2005</subfield>
		<subfield code="l">_RCKOREAN</subfield>
		<subfield code="m">B-WELLS</subfield>
		<subfield code="q">2</subfield>
		<subfield code="r">Y</subfield>
		<subfield code="s">Y</subfield>
		<subfield code="t">PERIOD</subfield>
		<subfield code="u">6/30/2005</subfield>
		<subfield code="x">EASTASIAN</subfield>
		<subfield code="o">.STAFF. missing no.445</subfield>
	  </datafield>
	  <datafield tag="999" ind1=" " ind2=" ">
		<subfield code="a">AP95.K6 K57 no.447-457 2005</subfield>
		<subfield code="w">LC</subfield>
		<subfield code="c">1</subfield>
		<subfield code="i">30000107214037</subfield>
		<subfield code="d">5/3/2006</subfield>
		<subfield code="e">3/24/2006</subfield>
		<subfield code="l">_RCKOREAN</subfield>
		<subfield code="m">B-WELLS</subfield>
		<subfield code="q">1</subfield>
		<subfield code="r">Y</subfield>
		<subfield code="s">Y</subfield>
		<subfield code="t">PERIOD</subfield>
		<subfield code="u">3/24/2006</subfield>
		<subfield code="x">EASTASIAN</subfield>
	  </datafield>
	  <datafield tag="999" ind1=" " ind2=" ">
		<subfield code="a">AP95.K6 K57 no.458-467 2006</subfield>
		<subfield code="w">LC</subfield>
		<subfield code="c">1</subfield>
		<subfield code="i">30000107227443</subfield>
		<subfield code="d">3/12/2008</subfield>
		<subfield code="e">6/19/2007</subfield>
		<subfield code="l">_RCKOREAN</subfield>
		<subfield code="m">B-WELLS</subfield>
		<subfield code="q">2</subfield>
		<subfield code="r">Y</subfield>
		<subfield code="s">Y</subfield>
		<subfield code="t">PERIOD</subfield>
		<subfield code="u">6/19/2007</subfield>
		<subfield code="x">EASTASIAN</subfield>
	  </datafield>
	  <datafield tag="999" ind1=" " ind2=" ">
		<subfield code="a">AP95.K6 K57 no.468-477 2007</subfield>
		<subfield code="w">LC</subfield>
		<subfield code="c">1</subfield>
		<subfield code="i">30000125132260</subfield>
		<subfield code="d">8/15/2008</subfield>
		<subfield code="e">7/1/2008</subfield>
		<subfield code="l">_RCKOREAN</subfield>
		<subfield code="m">B-WELLS</subfield>
		<subfield code="q">1</subfield>
		<subfield code="r">Y</subfield>
		<subfield code="s">Y</subfield>
		<subfield code="t">PERIOD</subfield>
		<subfield code="u">7/1/2008</subfield>
		<subfield code="x">EASTASIAN</subfield>
	  </datafield>
	  <datafield tag="999" ind1=" " ind2=" ">
		<subfield code="a">AP95.K6 K57 no.478-483 2008</subfield>
		<subfield code="w">LC</subfield>
		<subfield code="c">1</subfield>
		<subfield code="i">30000129022244</subfield>
		<subfield code="d">7/10/2010</subfield>
		<subfield code="e">5/11/2010</subfield>
		<subfield code="l">_RCKOREAN</subfield>
		<subfield code="m">B-WELLS</subfield>
		<subfield code="q">1</subfield>
		<subfield code="r">Y</subfield>
		<subfield code="s">Y</subfield>
		<subfield code="t">PERIOD</subfield>
		<subfield code="u">5/11/2010</subfield>
		<subfield code="x">EASTASIAN</subfield>
	  </datafield>
	</record>