
	<record>
	  <leader>01229cam a2200301 a 45 0</leader>
	  <controlfield tag="001">a264165</controlfield>
	  <controlfield tag="003">InU</controlfield>
	  <controlfield tag="008">820927s1903    nyuac         00110 eng d</controlfield>
	  <datafield tag="035" ind1=" " ind2=" ">
		<subfield code="a">(InU)ACM9828BY</subfield>
	  </datafield>
	  <datafield tag="035" ind1=" " ind2=" ">
		<subfield code="a">(OCoLC)ocm08809111</subfield>
	  </datafield>
	  <datafield tag="040" ind1=" " ind2=" ">
		<subfield code="a">IWU</subfield>
		<subfield code="c">IWU</subfield>
		<subfield code="d">m/c</subfield>
	  </datafield>
	  <datafield tag="049" ind1=" " ind2=" ">
		<subfield code="a">IULA</subfield>
	  </datafield>
	  <datafield tag="090" ind1=" " ind2=" ">
		<subfield code="a">TX715</subfield>
		<subfield code="b">.G482 1903</subfield>
	  </datafield>
	  <datafield tag="100" ind1="1" ind2="0">
		<subfield code="a">Gillette, F. L.</subfield>
		<subfield code="q">(Fanny Lemira),</subfield>
		<subfield code="d">1828-1926.</subfield>
	  </datafield>
	  <datafield tag="245" ind1="1" ind2="4">
		<subfield code="a">The White House cook book :</subfield>
		<subfield code="b">a comprehensive cyclopedia of information for the home, containing cooking, toilet and household recipes, menus, dinner giving, table ettiquette, care of the sick, health suggestions, facts worth knowing, etc. /</subfield>
		<subfield code="c">by Hugo Ziemann and Mrs. F.L. Gillette.</subfield>
	  </datafield>
	  <datafield tag="250" ind1=" " ind2=" ">
		<subfield code="a">New and enl. ed.</subfield>
	  </datafield>
	  <datafield tag="260" ind1="0" ind2=" ">
		<subfield code="a">New York :</subfield>
		<subfield code="b">Saalfield,</subfield>
		<subfield code="c">1903.</subfield>
	  </datafield>
	  <datafield tag="300" ind1=" " ind2=" ">
		<subfield code="a">590, [2] p., [11] leaves of plates :</subfield>
		<subfield code="b">ill., port. ;</subfield>
		<subfield code="c">25 cm.</subfield>
	  </datafield>
	  <datafield tag="500" ind1=" " ind2=" ">
		<subfield code="a">Includes index.</subfield>
	  </datafield>
	  <datafield tag="510" ind1="4" ind2=" ">
		<subfield code="a">Cf. Axford, L.B.  English Language Cookbooks, 1600-1973:</subfield>
		<subfield code="c">421</subfield>
	  </datafield>
	  <datafield tag="590" ind1=" " ind2=" ">
		<subfield code="a">Publisher's ads [2] p. at end.</subfield>
	  </datafield>
	  <datafield tag="590" ind1=" " ind2=" ">
		<subfield code="a">Bound in white cloth.</subfield>
	  </datafield>
	  <datafield tag="591" ind1=" " ind2=" ">
		<subfield code="a"></subfield>
	  </datafield>
	  <datafield tag="650" ind1=" " ind2="0">
		<subfield code="a">Cooking, American</subfield>
	  </datafield>
	  <datafield tag="700" ind1="1" ind2="0">
		<subfield code="a">Ziemann, Hugo.</subfield>
	  </datafield>
	  <datafield tag="998" ind1=" " ind2=" ">
		<subfield code="a">4/28/1992</subfield>
		<subfield code="b">12/23/1992</subfield>
		<subfield code="c">4/28/1992</subfield>
	  </datafield>
	  <datafield tag="596" ind1=" " ind2=" ">
		<subfield code="a">19</subfield>
	  </datafield>
	  <datafield tag="999" ind1=" " ind2=" ">
		<subfield code="a">TX715.G479 W59 1903</subfield>
		<subfield code="w">LC</subfield>
		<subfield code="c">1</subfield>
		<subfield code="i">30000025618574</subfield>
		<subfield code="l">_LILLSTKS</subfield>
		<subfield code="m">B-LILLY</subfield>
		<subfield code="r">Y</subfield>
		<subfield code="s">Y</subfield>
		<subfield code="t">NORMAL</subfield>
		<subfield code="u">11/5/2000</subfield>
	  </datafield>
	</record>