
	<record>
	  <leader>03301cjm a2200553 a 45 0</leader>
	  <controlfield tag="001">a264166</controlfield>
	  <controlfield tag="003">InU</controlfield>
	  <controlfield tag="007">sd-bsmenn---ne</controlfield>
	  <controlfield tag="008">920428s1972    gw sgn   d          ger d</controlfield>
	  <datafield tag="028" ind1="0" ind2="2">
		<subfield code="a">1C 063-29 043</subfield>
		<subfield code="b">EMI Electrola</subfield>
	  </datafield>
	  <datafield tag="035" ind1=" " ind2=" ">
		<subfield code="a">(InU)ACM9831BM</subfield>
	  </datafield>
	  <datafield tag="035" ind1=" " ind2=" ">
		<subfield code="a">(OCoLC)ocm25730757</subfield>
	  </datafield>
	  <datafield tag="040" ind1=" " ind2=" ">
		<subfield code="a">IUL</subfield>
		<subfield code="c">IUL</subfield>
	  </datafield>
	  <datafield tag="048" ind1=" " ind2=" ">
		<subfield code="a">va01</subfield>
		<subfield code="a">ka01</subfield>
	  </datafield>
	  <datafield tag="049" ind1=" " ind2=" ">
		<subfield code="a">IUL.</subfield>
	  </datafield>
	  <datafield tag="100" ind1="1" ind2="0">
		<subfield code="a">Rothenberger, Anneliese.</subfield>
		<subfield code="4">prf</subfield>
	  </datafield>
	  <datafield tag="245" ind1="0" ind2="0">
		<subfield code="a">Anneliese Rothenberger singt Schumann, Wolf, Schoeck und Strauss</subfield>
		<subfield code="h">[sound recording]</subfield>
	  </datafield>
	  <datafield tag="260" ind1="0" ind2=" ">
		<subfield code="a">Köln :</subfield>
		<subfield code="b">EMI Electrola,</subfield>
		<subfield code="c">p1972.</subfield>
	  </datafield>
	  <datafield tag="300" ind1=" " ind2=" ">
		<subfield code="a">1 sound disc :</subfield>
		<subfield code="b">analog, 33 1/3 rpm, stereo. ;</subfield>
		<subfield code="c">12 in.</subfield>
	  </datafield>
	  <datafield tag="500" ind1=" " ind2=" ">
		<subfield code="a">Sung in German.</subfield>
	  </datafield>
	  <datafield tag="511" ind1="0" ind2=" ">
		<subfield code="a">Anneliese Rothenberger, soprano ; Günther Weissenborn, piano.</subfield>
	  </datafield>
	  <datafield tag="500" ind1=" " ind2=" ">
		<subfield code="a">Text in German on container.</subfield>
	  </datafield>
	  <datafield tag="505" ind1="0" ind2=" ">
		<subfield code="a">Widmung : op. 25 Nr. 1 ; Die Blume der Ergebung : op. 83 Nr. 2 ; Volksliedchen : op. 51 Nr. 2 ; Jasminenstrauch : op. 27 Nr. 4 ; Der Sandmann : op. 79 Nr. 12 / Schumann -- Ein Stündlein wohl vor Tag ; Er ist's ; Denk' es, o Seele ; Bei einer Trauung ; Storchenbotschaft / Wolf -- Auf meines Kindes Tod : op. 20 Nr. 8 ; Der Kranke : op. 20 Nr. 9 ; Nachruf : op. 20 Nr. 14 ; Dämmerung senkte sich von oben : op. 19a Nr. 2 ; Rastlose Liebe : op. 19a Nr. 5 / Schoeck -- Heimkehr : op. 15 Nr. 5 ; Befreit : op. 39 Nr. 4 ; Freundliche Vision : op. 48 Nr. 1 ; Hat gesagt--Bleibt's nicht dabei : op. 36 Nr. 3 / Strauss.</subfield>
	  </datafield>
	  <datafield tag="650" ind1=" " ind2="0">
		<subfield code="a">Songs (High voice) with piano.</subfield>
	  </datafield>
	  <datafield tag="650" ind1=" " ind2="0">
		<subfield code="a">Songs, German.</subfield>
	  </datafield>
	  <datafield tag="650" ind1=" " ind2="4">
		<subfield code="a">Ehret (Alvin M.) Vocal Recording Collection.</subfield>
	  </datafield>
	  <datafield tag="700" ind1="1" ind2="0">
		<subfield code="a">Weissenborn, Günther,</subfield>
		<subfield code="d">1911-</subfield>
		 </datafield>
	  <datafield tag="700" ind1="1" ind2="2">
		<subfield code="a">Schumann, Robert,</subfield>
		<subfield code="d">1810-1856.</subfield>
		<subfield code="t">Myrthen.</subfield>
		<subfield code="p">Widmung.</subfield>
	  </datafield>
	  <datafield tag="700" ind1="1" ind2="2">
		<subfield code="a">Schumann, Robert,</subfield>
		<subfield code="d">1810-1856.</subfield>
		<subfield code="t">Gesänge,</subfield>
		<subfield code="n">op. 83.</subfield>
		<subfield code="p">Blume der Ergebung.</subfield>
	  </datafield>
	  <datafield tag="700" ind1="1" ind2="2">
		<subfield code="a">Schumann, Robert,</subfield>
		<subfield code="d">1810-1856.</subfield>
		<subfield code="t">Lieder und Gesänge,</subfield>
		<subfield code="n">op. 51.</subfield>
		<subfield code="p">Volksliedchen.</subfield>
	  </datafield>
	  <datafield tag="700" ind1="1" ind2="2">
		<subfield code="a">Schumann, Robert,</subfield>
		<subfield code="d">1810-1856.</subfield>
		<subfield code="t">Lieder und Gesänge,</subfield>
		<subfield code="n">op. 27.</subfield>
		<subfield code="p">Jasminenstrauch.</subfield>
	  </datafield>
	  <datafield tag="700" ind1="1" ind2="2">
		<subfield code="a">Schumann, Robert,</subfield>
		<subfield code="d">1810-1856.</subfield>
		<subfield code="t">Lieder-Album für die Jugend.</subfield>
		<subfield code="p">Sandmann.</subfield>
	  </datafield>
	  <datafield tag="700" ind1="1" ind2="2">
		<subfield code="a">Wolf, Hugo,</subfield>
		<subfield code="d">1860-1903.</subfield>
		<subfield code="t">Mörike-Lieder.</subfield>
		<subfield code="p">Stündlein wohl vor Tag.</subfield>
	  </datafield>
	  <datafield tag="700" ind1="1" ind2="2">
		<subfield code="a">Wolf, Hugo,</subfield>
		<subfield code="d">1860-1903.</subfield>
		<subfield code="t">Mörike-Lieder.</subfield>
		<subfield code="p">Er ist's.</subfield>
	  </datafield>
	  <datafield tag="700" ind1="1" ind2="2">
		<subfield code="a">Wolf, Hugo,</subfield>
		<subfield code="d">1860-1903.</subfield>
		<subfield code="t">Mörike-Lieder.</subfield>
		<subfield code="p">Denk es, o Seele!</subfield>
	  </datafield>
	  <datafield tag="700" ind1="1" ind2="2">
		<subfield code="a">Wolf, Hugo,</subfield>
		<subfield code="d">1860-1903.</subfield>
		<subfield code="t">Mörike-Lieder.</subfield>
		<subfield code="p">Bei einer Trauung.</subfield>
	  </datafield>
	  <datafield tag="700" ind1="1" ind2="2">
		<subfield code="a">Wolf, Hugo,</subfield>
		<subfield code="d">1860-1903.</subfield>
		<subfield code="t">Mörike-Lieder.</subfield>
		<subfield code="p">Storchenbotschaft.</subfield>
	  </datafield>
	  <datafield tag="700" ind1="1" ind2="2">
		<subfield code="a">Schoeck, Othmar,</subfield>
		<subfield code="d">1886-1957.</subfield>
		<subfield code="t">Lieder,</subfield>
		<subfield code="n">op. 20.</subfield>
		<subfield code="p">Auf meines Kindes Tod.</subfield>
	  </datafield>
	  <datafield tag="700" ind1="1" ind2="2">
		<subfield code="a">Schoeck, Othmar,</subfield>
		<subfield code="d">1886-1957.</subfield>
		<subfield code="t">Lieder,</subfield>
		<subfield code="n">op. 20.</subfield>
		<subfield code="p">Kranke.</subfield>
	  </datafield>
	  <datafield tag="700" ind1="1" ind2="2">
		<subfield code="a">Schoeck, Othmar,</subfield>
		<subfield code="d">1886-1957.</subfield>
		<subfield code="t">Lieder,</subfield>
		<subfield code="n">op. 20.</subfield>
		<subfield code="p">Nachruf.</subfield>
	  </datafield>
	  <datafield tag="700" ind1="1" ind2="2">
		<subfield code="a">Schoeck, Othmar,</subfield>
		<subfield code="d">1886-1957.</subfield>
		<subfield code="t">Lieder,</subfield>
		<subfield code="n">op. 19a.</subfield>
		<subfield code="p">Dämmrung senkte sich von oben.</subfield>
	  </datafield>
	  <datafield tag="700" ind1="1" ind2="2">
		<subfield code="a">Schoeck, Othmar,</subfield>
		<subfield code="d">1886-1957.</subfield>
		<subfield code="t">Lieder,</subfield>
		<subfield code="n">op. 19a.</subfield>
		<subfield code="p">Rastlose Liebe.</subfield>
	  </datafield>
	  <datafield tag="700" ind1="1" ind2="2">
		<subfield code="a">Strauss, Richard,</subfield>
		<subfield code="d">1864-1949.</subfield>
		<subfield code="t">Lieder,</subfield>
		<subfield code="n">op. 15.</subfield>
		<subfield code="p">Heimkehr.</subfield>
	  </datafield>
	  <datafield tag="700" ind1="1" ind2="2">
		<subfield code="a">Strauss, Richard,</subfield>
		<subfield code="d">1864-1949.</subfield>
		<subfield code="t">Lieder,</subfield>
		<subfield code="n">op. 39.</subfield>
		<subfield code="p">Befreit.</subfield>
	  </datafield>
	  <datafield tag="700" ind1="1" ind2="2">
		<subfield code="a">Strauss, Richard,</subfield>
		<subfield code="d">1864-1949.</subfield>
		<subfield code="t">Lieder,</subfield>
		<subfield code="n">op. 48.</subfield>
		<subfield code="p">Freundliche Vision.</subfield>
	  </datafield>
	  <datafield tag="700" ind1="1" ind2="2">
		<subfield code="a">Strauss, Richard,</subfield>
		<subfield code="d">1864-1949.</subfield>
		<subfield code="t">Lieder,</subfield>
		<subfield code="n">op. 36.</subfield>
		<subfield code="p">Hat gesagt--bleibt's nicht dabei.</subfield>
	  </datafield>
	  <datafield tag="998" ind1=" " ind2=" ">
		<subfield code="a">4/28/1992</subfield>
		<subfield code="b">5/5/1992</subfield>
		<subfield code="c">4/28/1992</subfield>
	  </datafield>
	  <datafield tag="596" ind1=" " ind2=" ">
		<subfield code="a">20</subfield>
	  </datafield>
	  <datafield tag="999" ind1=" " ind2=" ">
		<subfield code="a">EHRET LP-S .R8459 D.1</subfield>
		<subfield code="w">ASIS</subfield>
		<subfield code="c">1</subfield>
		<subfield code="i">264166-2001</subfield>
		<subfield code="l">_MUEHRET</subfield>
		<subfield code="m">B-MUSIC</subfield>
		<subfield code="r">Y</subfield>
		<subfield code="s">Y</subfield>
		<subfield code="t">NONCIRC</subfield>
		<subfield code="u">11/5/2000</subfield>
		<subfield code="x">EHRET</subfield>
		<subfield code="z">LP</subfield>
	  </datafield>
	</record>