
	<record>
	  <leader>01438cam a2200373 a 45 0</leader>
	  <controlfield tag="001">a264181</controlfield>
	  <controlfield tag="003">InU</controlfield>
	  <controlfield tag="008">760810s1969    xx            00010 eng  </controlfield>
	  <datafield tag="010" ind1=" " ind2=" ">
		<subfield code="a">   76370349</subfield>
	  </datafield>
	  <datafield tag="019" ind1=" " ind2=" ">
		<subfield code="a">00289538</subfield>
	  </datafield>
	  <datafield tag="035" ind1=" " ind2=" ">
		<subfield code="a">(InU)ACM9850BY</subfield>
	  </datafield>
	  <datafield tag="035" ind1=" " ind2=" ">
		<subfield code="a">(OCoLC)ocm02914036</subfield>
	  </datafield>
	  <datafield tag="040" ind1=" " ind2=" ">
		<subfield code="a">DLC</subfield>
		<subfield code="c">DLC</subfield>
		<subfield code="d">m.c.</subfield>
		<subfield code="d">OCL</subfield>
		<subfield code="d">OSU</subfield>
	  </datafield>
	  <datafield tag="049" ind1=" " ind2=" ">
		<subfield code="a">IULA</subfield>
	  </datafield>
	  <datafield tag="050" ind1="0" ind2=" ">
		<subfield code="a">PS3555.S5</subfield>
		<subfield code="b">P58</subfield>
	  </datafield>
	  <datafield tag="082" ind1=" " ind2=" ">
		<subfield code="a">811/.5/4</subfield>
	  </datafield>
	  <datafield tag="100" ind1="1" ind2="0">
		<subfield code="a">Eshleman, Clayton.</subfield>
		<subfield code="w">cn</subfield>
	  </datafield>
	  <datafield tag="245" ind1="1" ind2="2">
		<subfield code="a">A pitch-blende /</subfield>
		<subfield code="c">Clayton Eshleman.</subfield>
	  </datafield>
	  <datafield tag="260" ind1="0" ind2=" ">
		<subfield code="a">[s.l. :</subfield>
		<subfield code="b">s.n.],</subfield>
		<subfield code="c">1969</subfield>
	  </datafield>
	  <datafield tag="300" ind1=" " ind2=" ">
		<subfield code="a">[12] p. ;</subfield>
		<subfield code="c">26 cm.</subfield>
	  </datafield>
	  <datafield tag="490" ind1="0" ind2=" ">
		<subfield code="a">Myo quarto ;</subfield>
		<subfield code="v">3</subfield>
	  </datafield>
	  <datafield tag="500" ind1=" " ind2=" ">
		<subfield code="a">Poems.</subfield>
	  </datafield>
	  <datafield tag="500" ind1=" " ind2=" ">
		<subfield code="a">"Two hundred fifty copies are on Curtis papers. Fifty copies are on Tovil in Fabriano wrappers and are numbered and signed by the poet. August 1969 ..."--colophon.</subfield>
	  </datafield>
	  <datafield tag="500" ind1=" " ind2=" ">
		<subfield code="a">Printed at the Cranium Press, San Francisco, 1969.</subfield>
	  </datafield>
	  <datafield tag="510" ind1="4" ind2=" ">
		<subfield code="a">Sattler, Martha J.  Clayton Eshleman, a desc. bib.,</subfield>
		<subfield code="c">A15.</subfield>
	  </datafield>
	  <datafield tag="590" ind1=" " ind2=" ">
		<subfield code="a">Copy 2 signed by the author and numbered 34.</subfield>
	  </datafield>
	  <datafield tag="590" ind1=" " ind2=" ">
		<subfield code="a">Copy 2 from the library of Leila Vennewitz.</subfield>
	  </datafield>
	  <datafield tag="590" ind1=" " ind2=" ">
		<subfield code="a">Sewn in plain brown paper wrappers with printed paper label on front cover.</subfield>
	  </datafield>
	  <datafield tag="591" ind1=" " ind2=" ">
		<subfield code="a"></subfield>
	  </datafield>
	  <datafield tag="700" ind1="1" ind2=" ">
		<subfield code="a">Vennewitz, Leila,</subfield>
		<subfield code="e">former owner.</subfield>
		<subfield code="5">InU</subfield>
	  </datafield>
	  <datafield tag="998" ind1=" " ind2=" ">
		<subfield code="a">4/28/1992</subfield>
		<subfield code="b">4/28/1992</subfield>
		<subfield code="c">4/28/1992</subfield>
	  </datafield>
	  <datafield tag="596" ind1=" " ind2=" ">
		<subfield code="a">19</subfield>
	  </datafield>
	  <datafield tag="999" ind1=" " ind2=" ">
		<subfield code="a">PS3555.S5 P68</subfield>
		<subfield code="w">LC</subfield>
		<subfield code="c">1</subfield>
		<subfield code="i">264181-2001</subfield>
		<subfield code="l">_LILLSTKS</subfield>
		<subfield code="m">B-LILLY</subfield>
		<subfield code="r">Y</subfield>
		<subfield code="s">Y</subfield>
		<subfield code="t">NORMAL</subfield>
		<subfield code="u">11/5/2000</subfield>
	  </datafield>
	  <datafield tag="999" ind1=" " ind2=" ">
		<subfield code="a">PS3555.S5 P68</subfield>
		<subfield code="w">LC</subfield>
		<subfield code="c">2</subfield>
		<subfield code="i">30000100973191</subfield>
		<subfield code="l">_LILLSTKS</subfield>
		<subfield code="m">B-LILLY</subfield>
		<subfield code="r">Y</subfield>
		<subfield code="s">Y</subfield>
		<subfield code="t">NORMAL</subfield>
		<subfield code="u">8/22/2005</subfield>
	  </datafield>
	</record>