
	<record>
	  <leader>01861cam a2200349 a 45 0</leader>
	  <controlfield tag="001">a264251</controlfield>
	  <controlfield tag="003">InU</controlfield>
	  <controlfield tag="008">920330s1992    dcua         f000 0 eng d</controlfield>
	  <datafield tag="020" ind1=" " ind2=" ">
		<subfield code="a">0160373093</subfield>
	  </datafield>
	  <datafield tag="035" ind1=" " ind2=" ">
		<subfield code="a">(InU)ACN0022BW</subfield>
	  </datafield>
	  <datafield tag="035" ind1=" " ind2=" ">
		<subfield code="a">(OCoLC)ocm25556018</subfield>
	  </datafield>
	  <datafield tag="040" ind1=" " ind2=" ">
		<subfield code="a">GPO</subfield>
		<subfield code="c">GPO</subfield>
	  </datafield>
	  <datafield tag="043" ind1=" " ind2=" ">
		<subfield code="a">n-us---</subfield>
	  </datafield>
	  <datafield tag="049" ind1=" " ind2=" ">
		<subfield code="a">IUBD</subfield>
	  </datafield>
	  <datafield tag="074" ind1=" " ind2=" ">
		<subfield code="a">1012-A</subfield>
	  </datafield>
	  <datafield tag="086" ind1="0" ind2=" ">
		<subfield code="a">Y 4.Ar 5/2 a:991-92/12</subfield>
	  </datafield>
	  <datafield tag="088" ind1=" " ind2=" ">
		<subfield code="a">H.A.S.C. no. 102-12</subfield>
	  </datafield>
	  <datafield tag="099" ind1=" " ind2=" ">
		<subfield code="a">Y 4.Ar</subfield>
		<subfield code="a">5/2 a:</subfield>
		<subfield code="a">991-92/12</subfield>
	  </datafield>
	  <datafield tag="110" ind1="1" ind2="0">
		<subfield code="a">United States.</subfield>
		<subfield code="b">Congress.</subfield>
		<subfield code="b">House.</subfield>
		<subfield code="b">Committee on Armed Services.</subfield>
		<subfield code="b">Subcommittee on Military Installations and Facilities.</subfield>
	  </datafield>
	  <datafield tag="245" ind1="1" ind2="0">
		<subfield code="a">Hearings on National Defense Authorization Act for fiscal years 1992 and 1993--H.R. 2100 and oversight of previously authorized programs before the Committee on Armed Services, House of Representatives, One Hundred Second Congress, first session :</subfield>
		<subfield code="b">Military Installations and Facilities Subcommittee hearings on military construction (H.R. 1208) : hearings held March 6, 7, 13, 21, April 10, and 17, 1991.</subfield>
	  </datafield>
	  <datafield tag="260" ind1="0" ind2=" ">
		<subfield code="a">Washington :</subfield>
		<subfield code="b">U.S. G.P.O.,</subfield>
		<subfield code="c">1992.</subfield>
	  </datafield>
	  <datafield tag="300" ind1=" " ind2=" ">
		<subfield code="a">lxxx, 935 p. :</subfield>
		<subfield code="b">ill., maps ;</subfield>
		<subfield code="c">24 cm.</subfield>
	  </datafield>
	  <datafield tag="500" ind1=" " ind2=" ">
		<subfield code="a">Cover title.</subfield>
	  </datafield>
	  <datafield tag="500" ind1=" " ind2=" ">
		<subfield code="a">Spine title: H.R. 2100, Department of Defense, authorization of appropriations for fiscal years 1992 and 1993 and oversight of previously authorized programs, military construction (H.R. 1208).</subfield>
	  </datafield>
	  <datafield tag="500" ind1=" " ind2=" ">
		<subfield code="a">"H.A.S.C. no. 102-12."</subfield>
	  </datafield>
	  <datafield tag="591" ind1=" " ind2=" ">
		<subfield code="a"></subfield>
	  </datafield>
	  <datafield tag="610" ind1="1" ind2="0">
		<subfield code="a">United States.</subfield>
		<subfield code="b">Dept. of Defense</subfield>
		<subfield code="x">Appropriations and expenditures.</subfield>
	  </datafield>
	  <datafield tag="651" ind1=" " ind2="0">
		<subfield code="a">United States</subfield>
		<subfield code="x">Armed Forces</subfield>
		<subfield code="x">Military construction operations</subfield>
		<subfield code="x">Law and legislation.</subfield>
	  </datafield>
	  <datafield tag="740" ind1="0" ind2="1">
		<subfield code="a">H.R. 2100, Department of Defense, authorization of appropriations for fiscal years 1992 and 1993 ....</subfield>
	  </datafield>
	  <datafield tag="998" ind1=" " ind2=" ">
		<subfield code="a">4/29/1992</subfield>
		<subfield code="b">4/29/1992</subfield>
		<subfield code="c">4/29/1992</subfield>
	  </datafield>
	  <datafield tag="596" ind1=" " ind2=" ">
		<subfield code="a">17</subfield>
	  </datafield>
	  <datafield tag="999" ind1=" " ind2=" ">
		<subfield code="a">Y 4.Ar 5/2 a: 991-92/12</subfield>
		<subfield code="w">SUDOC</subfield>
		<subfield code="c">1</subfield>
		<subfield code="i">30000022593317</subfield>
		<subfield code="l">_BLAWUSDOC</subfield>
		<subfield code="m">B-LAW</subfield>
		<subfield code="r">Y</subfield>
		<subfield code="s">Y</subfield>
		<subfield code="t">NORMAL</subfield>
		<subfield code="u">11/5/2000</subfield>
		<subfield code="x">GOVDOCS</subfield>
	  </datafield>
	</record>