
	<record>
	  <leader>01326cam a2200289 a 45 0</leader>
	  <controlfield tag="001">a263958</controlfield>
	  <controlfield tag="003">InU</controlfield>
	  <controlfield tag="008">910702s1991    nyu      b    10010 eng d</controlfield>
	  <datafield tag="035" ind1=" " ind2=" ">
		<subfield code="a">(InU)ACM9376BB</subfield>
	  </datafield>
	  <datafield tag="035" ind1=" " ind2=" ">
		<subfield code="a">(OCoLC)ocm24019021</subfield>
	  </datafield>
	  <datafield tag="040" ind1=" " ind2=" ">
		<subfield code="a">KKW</subfield>
		<subfield code="c">KKW</subfield>
		<subfield code="d">IUL</subfield>
	  </datafield>
	  <datafield tag="043" ind1=" " ind2=" ">
		<subfield code="a">n-us---</subfield>
	  </datafield>
	  <datafield tag="049" ind1=" " ind2=" ">
		<subfield code="a">IULA</subfield>
	  </datafield>
	  <datafield tag="090" ind1=" " ind2=" ">
		<subfield code="a">LC5115</subfield>
		<subfield code="b">.U54 1990</subfield>
	  </datafield>
	  <datafield tag="110" ind1="2" ind2="0">
		<subfield code="a">University/Urban Schools National Task Force (U.S.).</subfield>
		<subfield code="b">Conference</subfield>
		<subfield code="n">(12th :</subfield>
		<subfield code="d">1990 :</subfield>
		<subfield code="c">Rancho Mirage, Calif.)</subfield>
	  </datafield>
	  <datafield tag="245" ind1="1" ind2="0">
		<subfield code="a">Proceedings, the Twelfth Conference of the University/Urban Schools National Task Force :</subfield>
		<subfield code="b">corporate educational endeavors : November 30 and December 1, 1990, Rancho Mirage, California /</subfield>
		<subfield code="c">edited by Richard M. Bossone and Irwin H. Polishook.</subfield>
	  </datafield>
	  <datafield tag="260" ind1="0" ind2=" ">
		<subfield code="a">[New York] :</subfield>
		<subfield code="b">Graduate School and University Center of the City University of New York,</subfield>
		<subfield code="c">1991.</subfield>
	  </datafield>
	  <datafield tag="300" ind1=" " ind2=" ">
		<subfield code="a">x, 86 p. ;</subfield>
		<subfield code="c">28 cm.</subfield>
	  </datafield>
	  <datafield tag="504" ind1=" " ind2=" ">
		<subfield code="a">Includes bibliographical references.</subfield>
	  </datafield>
	  <datafield tag="650" ind1=" " ind2="0">
		<subfield code="a">Business and education</subfield>
		<subfield code="z">United States</subfield>
		<subfield code="x">Congresses.</subfield>
	  </datafield>
	  <datafield tag="700" ind1="1" ind2="0">
		<subfield code="a">Bossone, Richard M.,</subfield>
		<subfield code="d">1924-</subfield>
	  </datafield>
	  <datafield tag="700" ind1="1" ind2="0">
		<subfield code="a">Polishook, Irwin H.</subfield>
	  </datafield>
	  <datafield tag="710" ind1="2" ind2="0">
		<subfield code="a">City University of New York.</subfield>
		<subfield code="b">Graduate School and University Center.</subfield>
	  </datafield>
	  <datafield tag="740" ind1="0" ind2="1">
		<subfield code="a">Corporate educational endeavors.</subfield>
	  </datafield>
	  <datafield tag="998" ind1=" " ind2=" ">
		<subfield code="a">4/28/1992</subfield>
		<subfield code="b">6/12/1992</subfield>
		<subfield code="c">4/28/1992</subfield>
	  </datafield>
	  <datafield tag="596" ind1=" " ind2=" ">
		<subfield code="a">9</subfield>
	  </datafield>
	  <datafield tag="999" ind1=" " ind2=" ">
		<subfield code="a">LC5105 .U54 1990</subfield>
		<subfield code="w">LC</subfield>
		<subfield code="c">1</subfield>
		<subfield code="i">30000029440868</subfield>
		<subfield code="d">8/11/1999</subfield>
		<subfield code="l">STACKS</subfield>
		<subfield code="m">B-EDUC</subfield>
		<subfield code="n">1</subfield>
		<subfield code="r">Y</subfield>
		<subfield code="s">Y</subfield>
		<subfield code="t">NORMAL</subfield>
		<subfield code="u">11/5/2000</subfield>
	  </datafield>
	</record>