
	<record>
	  <leader>01459cam a22003978a 45 0</leader>
	  <controlfield tag="001">a263959</controlfield>
	  <controlfield tag="003">InU</controlfield>
	  <controlfield tag="008">920212s1991    nyua     b    101 0 eng c</controlfield>
	  <datafield tag="010" ind1=" " ind2=" ">
		<subfield code="a">   92006138</subfield>
	  </datafield>
	  <datafield tag="019" ind1=" " ind2=" ">
		<subfield code="a">25284689</subfield>
	  </datafield>
	  <datafield tag="020" ind1=" " ind2=" ">
		<subfield code="a">0897666771 (cloth : alk. paper)</subfield>
	  </datafield>
	  <datafield tag="020" ind1=" " ind2=" ">
		<subfield code="a">089766678X (paper : alk. paper)</subfield>
	  </datafield>
	  <datafield tag="035" ind1=" " ind2=" ">
		<subfield code="a">(InU)ACM9377BB</subfield>
	  </datafield>
	  <datafield tag="035" ind1=" " ind2=" ">
		<subfield code="a">(OCoLC)ocm25372484</subfield>
	  </datafield>
	  <datafield tag="035" ind1=" " ind2=" ">
		<subfield code="9">(IM)ACM2613</subfield>
	  </datafield>
	  <datafield tag="040" ind1=" " ind2=" ">
		<subfield code="a">DNLM/DLC</subfield>
		<subfield code="c">DLC</subfield>
		<subfield code="d">IUM</subfield>
	  </datafield>
	  <datafield tag="049" ind1=" " ind2=" ">
		<subfield code="a">IUMB</subfield>
	  </datafield>
	  <datafield tag="050" ind1="0" ind2="0">
		<subfield code="a">Q11</subfield>
		<subfield code="a">.N5 vol. 643</subfield>
		<subfield code="b">RA1231.A8</subfield>
	  </datafield>
	  <datafield tag="060" ind1=" " ind2=" ">
		<subfield code="a">W1 AN626YL v.643</subfield>
	  </datafield>
	  <datafield tag="060" ind1=" " ind2=" ">
		<subfield code="a">WA 754 T445</subfield>
	  </datafield>
	  <datafield tag="069" ind1="0" ind2=" ">
		<subfield code="a">9202683</subfield>
	  </datafield>
	  <datafield tag="082" ind1="0" ind2="0">
		<subfield code="a">500 s</subfield>
		<subfield code="a">363.17/91</subfield>
		<subfield code="2">20</subfield>
	  </datafield>
	  <datafield tag="245" ind1="0" ind2="4">
		<subfield code="a">The Third wave of asbestos disease :</subfield>
		<subfield code="b">exposure to asbestos in place : public health control /</subfield>
		<subfield code="c">edited by Philip J. Landrigan and Homayoun Kazemi.</subfield>
	  </datafield>
	  <datafield tag="260" ind1="0" ind2=" ">
		<subfield code="a">New York, N.Y. :</subfield>
		<subfield code="b">New York Academy of Sciences,</subfield>
		<subfield code="c">1991.</subfield>
	  </datafield>
	  <datafield tag="263" ind1=" " ind2=" ">
		<subfield code="a">9202</subfield>
	  </datafield>
	  <datafield tag="300" ind1=" " ind2=" ">
		<subfield code="a">xvi, 628 p. :</subfield>
		<subfield code="b">ill. ;</subfield>
		<subfield code="c">24 cm.</subfield>
	  </datafield>
	  <datafield tag="440" ind1=" " ind2="0">
		<subfield code="a">Annals of the New York Academy of Sciences</subfield>
		<subfield code="x">0077-8923 ;</subfield>
		<subfield code="v">v. 643</subfield>
	  </datafield>
	  <datafield tag="504" ind1=" " ind2=" ">
		<subfield code="a">Includes bibliographical references and index.</subfield>
	  </datafield>
	  <datafield tag="650" ind1=" " ind2="0">
		<subfield code="a">Asbestos</subfield>
		<subfield code="x">Health aspects</subfield>
		<subfield code="x">Congresses.</subfield>
	  </datafield>
	  <datafield tag="650" ind1=" " ind2="2">
		<subfield code="a">Asbestos</subfield>
		<subfield code="x">adverse effects</subfield>
		<subfield code="x">congresses.</subfield>
	  </datafield>
	  <datafield tag="650" ind1=" " ind2="2">
		<subfield code="a">Environmental Exposure</subfield>
		<subfield code="x">prevention &amp; control</subfield>
		<subfield code="x">congresses.</subfield>
	  </datafield>
	  <datafield tag="700" ind1="1" ind2="0">
		<subfield code="a">Landrigan, Philip J.</subfield>
	  </datafield>
	  <datafield tag="700" ind1="1" ind2="0">
		<subfield code="a">Kazemi, Homayoun,</subfield>
		<subfield code="d">1934-</subfield>
	  </datafield>
	  <datafield tag="998" ind1=" " ind2=" ">
		<subfield code="a">4/28/1992</subfield>
		<subfield code="b">8/26/1992</subfield>
		<subfield code="c">4/28/1992</subfield>
	  </datafield>
	  <datafield tag="596" ind1=" " ind2=" ">
		<subfield code="a">5</subfield>
	  </datafield>
	  <datafield tag="999" ind1=" " ind2=" ">
		<subfield code="a">Q11 .N45 v.643</subfield>
		<subfield code="w">LC</subfield>
		<subfield code="c">1</subfield>
		<subfield code="i">30000120538131</subfield>
		<subfield code="d">6/3/1996</subfield>
		<subfield code="l">_ALF</subfield>
		<subfield code="m">B-ALF</subfield>
		<subfield code="n">2</subfield>
		<subfield code="q">1</subfield>
		<subfield code="r">Y</subfield>
		<subfield code="s">Y</subfield>
		<subfield code="t">NORMAL</subfield>
		<subfield code="u">11/5/2000</subfield>
	  </datafield>
	</record>