
	<record>
	  <leader>01383cam a2200277 a 45 0</leader>
	  <controlfield tag="001">a263500</controlfield>
	  <controlfield tag="003">InU</controlfield>
	  <controlfield tag="008">920427s1992    inu           000 0 eng d</controlfield>
	  <datafield tag="035" ind1=" " ind2=" ">
		<subfield code="a">(InU)ACM8511BW</subfield>
	  </datafield>
	  <datafield tag="035" ind1=" " ind2=" ">
		<subfield code="a">(OCoLC)ocm25718274</subfield>
	  </datafield>
	  <datafield tag="040" ind1=" " ind2=" ">
		<subfield code="a">IUB</subfield>
		<subfield code="c">IUB</subfield>
	  </datafield>
	  <datafield tag="049" ind1=" " ind2=" ">
		<subfield code="a">IUBA</subfield>
	  </datafield>
	  <datafield tag="090" ind1=" " ind2=" ">
		<subfield code="a">LD2506.5</subfield>
		<subfield code="b">.A3 1992</subfield>
	  </datafield>
	  <datafield tag="110" ind1="2" ind2="0">
		<subfield code="a">Indiana University, Bloomington</subfield>
		<subfield code="w">cn</subfield>
	  </datafield>
	  <datafield tag="245" ind1="1" ind2="0">
		<subfield code="a">Academic guide :</subfield>
		<subfield code="b">Indiana University, Bloomington campus /</subfield>
		<subfield code="c">written by Dean of the Faculties' Office ; revised January 1992.</subfield>
	  </datafield>
	  <datafield tag="260" ind1="0" ind2=" ">
		<subfield code="a">Bloomington :</subfield>
		<subfield code="b">Distributed externally by Faculty Council Office, Indiana University,</subfield>
		<subfield code="c">[1992]</subfield>
	  </datafield>
	  <datafield tag="300" ind1=" " ind2=" ">
		<subfield code="a">1 v. (various pagings)  ;</subfield>
		<subfield code="c">28 cm.</subfield>
	  </datafield>
	  <datafield tag="500" ind1=" " ind2=" ">
		<subfield code="a">Cover title.</subfield>
	  </datafield>
	  <datafield tag="500" ind1=" " ind2=" ">
		<subfield code="a">"This Guide has been prepared to serve academic administrators and faculty members by collating information relevant to many aspects of academic life at Indiana University, Bloomington. It is a collection of officially approved documents and explanations of the way policy documents are interpreted and implemented ..."--p. [1]</subfield>
	  </datafield>
	  <datafield tag="591" ind1=" " ind2=" ">
		<subfield code="a"></subfield>
	  </datafield>
	  <datafield tag="610" ind1="2" ind2="0">
		<subfield code="a">Indiana University, Bloomington</subfield>
		<subfield code="x">Administration.</subfield>
		<subfield code="w">cn</subfield>
	  </datafield>
	  <datafield tag="610" ind1="2" ind2="0">
		<subfield code="a">Indiana University, Bloomington</subfield>
		<subfield code="x">Faculty.</subfield>
		<subfield code="w">cn</subfield>
	  </datafield>
	  <datafield tag="710" ind1="2" ind2="0">
		<subfield code="a">Indiana University, Bloomington.</subfield>
		<subfield code="b">Dean of the Faculties' Office.</subfield>
	  </datafield>
	  <datafield tag="998" ind1=" " ind2=" ">
		<subfield code="a">4/27/1992</subfield>
		<subfield code="b">5/1/1992</subfield>
		<subfield code="c">4/27/1992</subfield>
	  </datafield>
	  <datafield tag="596" ind1=" " ind2=" ">
		<subfield code="a">17</subfield>
	  </datafield>
	  <datafield tag="999" ind1=" " ind2=" ">
		<subfield code="a">LD2506.5 .A3 1992</subfield>
		<subfield code="w">LC</subfield>
		<subfield code="c">1</subfield>
		<subfield code="i">30000029602772</subfield>
		<subfield code="l">_BLAWGENCL</subfield>
		<subfield code="m">B-LAW</subfield>
		<subfield code="r">Y</subfield>
		<subfield code="s">Y</subfield>
		<subfield code="t">NORMAL</subfield>
		<subfield code="u">11/5/2000</subfield>
	  </datafield>
	</record>