
	<record>
	  <leader>01235cam a2200337 a 45 0</leader>
	  <controlfield tag="001">a263501</controlfield>
	  <controlfield tag="003">InU</controlfield>
	  <controlfield tag="008">920425s1992    nyu           000 0 eng d</controlfield>
	  <datafield tag="020" ind1=" " ind2=" ">
		<subfield code="a">093414351X</subfield>
	  </datafield>
	  <datafield tag="035" ind1=" " ind2=" ">
		<subfield code="a">(InU)ACM8513BW</subfield>
	  </datafield>
	  <datafield tag="035" ind1=" " ind2=" ">
		<subfield code="a">(OCoLC)ocm25716310</subfield>
	  </datafield>
	  <datafield tag="040" ind1=" " ind2=" ">
		<subfield code="a">WCL</subfield>
		<subfield code="c">WCL</subfield>
	  </datafield>
	  <datafield tag="043" ind1=" " ind2=" ">
		<subfield code="a">n-us---</subfield>
	  </datafield>
	  <datafield tag="049" ind1=" " ind2=" ">
		<subfield code="a">IUBA</subfield>
	  </datafield>
	  <datafield tag="090" ind1=" " ind2=" ">
		<subfield code="a">JC571</subfield>
		<subfield code="b">.L39 1992</subfield>
	  </datafield>
	  <datafield tag="090" ind1=" " ind2=" ">
		<subfield code="a">JX1417</subfield>
		<subfield code="b">.H85 1992</subfield>
	  </datafield>
	  <datafield tag="110" ind1="2" ind2="0">
		<subfield code="a">Lawyers Committee for Human Rights (U.S.)</subfield>
	  </datafield>
	  <datafield tag="245" ind1="1" ind2="0">
		<subfield code="a">Human rights and U.S. foreign policy :</subfield>
		<subfield code="b">1992 report and recommendations /</subfield>
		<subfield code="c">Lawyers Committee for Human Rights.</subfield>
	  </datafield>
	  <datafield tag="260" ind1="0" ind2=" ">
		<subfield code="a">New York, N.Y. :</subfield>
		<subfield code="b">The Committee,</subfield>
		<subfield code="c">1992.</subfield>
	  </datafield>
	  <datafield tag="300" ind1=" " ind2=" ">
		<subfield code="a">iv, 86 p. ;</subfield>
		<subfield code="c">23 cm.</subfield>
	  </datafield>
	  <datafield tag="591" ind1=" " ind2=" ">
		<subfield code="a"></subfield>
	  </datafield>
	  <datafield tag="650" ind1=" " ind2="0">
		<subfield code="a">Civil rights.</subfield>
	  </datafield>
	  <datafield tag="650" ind1=" " ind2="0">
		<subfield code="a">Human rights.</subfield>
	  </datafield>
	  <datafield tag="651" ind1=" " ind2="0">
		<subfield code="a">United States</subfield>
		<subfield code="x">Foreign relations</subfield>
		<subfield code="y">1945-1989.</subfield>
	  </datafield>
	  <datafield tag="651" ind1=" " ind2="0">
		<subfield code="a">United States</subfield>
		<subfield code="x">Foreign relations</subfield>
		<subfield code="y">1989-1993.</subfield>
	  </datafield>
	  <datafield tag="740" ind1="0" ind2="1">
		<subfield code="a">Human rights and US foreign policy.</subfield>
	  </datafield>
	  <datafield tag="740" ind1="0" ind2="1">
		<subfield code="a">1992 report and recommendations.</subfield>
	  </datafield>
	  <datafield tag="998" ind1=" " ind2=" ">
		<subfield code="a">4/27/1992</subfield>
		<subfield code="b">4/13/1993</subfield>
		<subfield code="c">4/27/1992</subfield>
	  </datafield>
	  <datafield tag="596" ind1=" " ind2=" ">
		<subfield code="a">17</subfield>
	  </datafield>
	  <datafield tag="999" ind1=" " ind2=" ">
		<subfield code="a">K3240.4 .L385 1992</subfield>
		<subfield code="w">LC</subfield>
		<subfield code="c">1</subfield>
		<subfield code="i">30000029600263</subfield>
		<subfield code="d">12/6/1994</subfield>
		<subfield code="l">_BLAWGENCL</subfield>
		<subfield code="m">B-LAW</subfield>
		<subfield code="n">2</subfield>
		<subfield code="r">Y</subfield>
		<subfield code="s">Y</subfield>
		<subfield code="t">NORMAL</subfield>
		<subfield code="u">11/5/2000</subfield>
	  </datafield>
	  <datafield tag="999" ind1=" " ind2=" ">
		<subfield code="a">K3240.4 .L385 1992</subfield>
		<subfield code="w">LC</subfield>
		<subfield code="c">2</subfield>
		<subfield code="i">30000029654849</subfield>
		<subfield code="d">6/4/1997</subfield>
		<subfield code="l">_BLAWGENCL</subfield>
		<subfield code="m">B-LAW</subfield>
		<subfield code="n">1</subfield>
		<subfield code="r">Y</subfield>
		<subfield code="s">Y</subfield>
		<subfield code="t">NORMAL</subfield>
		<subfield code="u">11/5/2000</subfield>
		<subfield code="o">.STAFF.  gift</subfield>
	  </datafield>
	</record>