
	<record>
	  <leader>00880cam a2200253 a 45 0</leader>
	  <controlfield tag="001">a263502</controlfield>
	  <controlfield tag="003">InU</controlfield>
	  <controlfield tag="008">920224s1991    hu       b    100 0 eng d</controlfield>
	  <datafield tag="035" ind1=" " ind2=" ">
		<subfield code="a">(InU)ACM8516BW</subfield>
	  </datafield>
	  <datafield tag="035" ind1=" " ind2=" ">
		<subfield code="a">(OCoLC)ocm25324050</subfield>
	  </datafield>
	  <datafield tag="040" ind1=" " ind2=" ">
		<subfield code="a">UIU</subfield>
		<subfield code="c">UIU</subfield>
	  </datafield>
	  <datafield tag="049" ind1=" " ind2=" ">
		<subfield code="a">IUBA</subfield>
	  </datafield>
	  <datafield tag="090" ind1=" " ind2=" ">
		<subfield code="a">K840.Z9</subfield>
		<subfield code="b">B56 1991</subfield>
	  </datafield>
	  <datafield tag="245" ind1="0" ind2="0">
		<subfield code="a">Binding force of contract /</subfield>
		<subfield code="c">edited by Attila Harmathy.</subfield>
	  </datafield>
	  <datafield tag="260" ind1="0" ind2=" ">
		<subfield code="a">Budapest :</subfield>
		<subfield code="b">Institute for Legal and Administrative Sciences of the Hungarian Academy of Science,</subfield>
		<subfield code="c">1991.</subfield>
	  </datafield>
	  <datafield tag="300" ind1=" " ind2=" ">
		<subfield code="a">115 p. ;</subfield>
		<subfield code="c">24 cm.</subfield>
	  </datafield>
	  <datafield tag="504" ind1=" " ind2=" ">
		<subfield code="a">Includes bibliographical references.</subfield>
	  </datafield>
	  <datafield tag="591" ind1=" " ind2=" ">
		<subfield code="a"></subfield>
	  </datafield>
	  <datafield tag="650" ind1=" " ind2="0">
		<subfield code="a">Contracts.</subfield>
	  </datafield>
	  <datafield tag="700" ind1="1" ind2="0">
		<subfield code="a">Harmathy, Attila.</subfield>
	  </datafield>
	  <datafield tag="710" ind1="2" ind2="0">
		<subfield code="a">Magyar Tudományos Akadémia.</subfield>
		<subfield code="b">Állam- és Jogtudományi Intézet.</subfield>
	  </datafield>
	  <datafield tag="998" ind1=" " ind2=" ">
		<subfield code="a">4/27/1992</subfield>
		<subfield code="b">5/11/1992</subfield>
		<subfield code="c">4/27/1992</subfield>
	  </datafield>
	  <datafield tag="596" ind1=" " ind2=" ">
		<subfield code="a">17</subfield>
	  </datafield>
	  <datafield tag="999" ind1=" " ind2=" ">
		<subfield code="a">K840.Z9 B56 1991</subfield>
		<subfield code="w">LC</subfield>
		<subfield code="c">1</subfield>
		<subfield code="i">30000029602848</subfield>
		<subfield code="d">8/4/1993</subfield>
		<subfield code="l">_BLAWGENCL</subfield>
		<subfield code="m">B-LAW</subfield>
		<subfield code="n">1</subfield>
		<subfield code="r">Y</subfield>
		<subfield code="s">Y</subfield>
		<subfield code="t">NORMAL</subfield>
		<subfield code="u">11/5/2000</subfield>
	  </datafield>
	</record>