
	<record>
	  <leader>01650ccm a2200397 a 45 0</leader>
	  <controlfield tag="001">a263115</controlfield>
	  <controlfield tag="003">InU</controlfield>
	  <controlfield tag="008">920810r19911782enkopc   bhi   n    eng  </controlfield>
	  <datafield tag="010" ind1=" " ind2=" ">
		<subfield code="a">   92766527 /M</subfield>
	  </datafield>
	  <datafield tag="019" ind1=" " ind2=" ">
		<subfield code="a">25611510</subfield>
	  </datafield>
	  <datafield tag="020" ind1=" " ind2=" ">
		<subfield code="a">0852498020</subfield>
	  </datafield>
	  <datafield tag="035" ind1=" " ind2=" ">
		<subfield code="a">(InU)ACM7893BM</subfield>
	  </datafield>
	  <datafield tag="035" ind1=" " ind2=" ">
		<subfield code="a">(OCoLC)ocm26588693</subfield>
	  </datafield>
	  <datafield tag="040" ind1=" " ind2=" ">
		<subfield code="a">DLC</subfield>
		<subfield code="c">DLC</subfield>
		<subfield code="d">OCL</subfield>
	  </datafield>
	  <datafield tag="049" ind1=" " ind2=" ">
		<subfield code="a">IULA</subfield>
	  </datafield>
	  <datafield tag="050" ind1="0" ind2="0">
		<subfield code="a">M1503</subfield>
		<subfield code="b">.C355 1991</subfield>
	  </datafield>
	  <datafield tag="130" ind1="0" ind2=" ">
		<subfield code="a">Castle of Andalusia.</subfield>
		<subfield code="s">Vocal score.</subfield>
	  </datafield>
	  <datafield tag="245" ind1="1" ind2="4">
		<subfield code="a">The castle of Andalusia /</subfield>
		<subfield code="c">Samuel Arnold ; introduction by Robert Hoskins.</subfield>
	  </datafield>
	  <datafield tag="260" ind1=" " ind2=" ">
		<subfield code="a">London :</subfield>
		<subfield code="b">Stainer &amp; Bell,</subfield>
		<subfield code="c">1991.</subfield>
	  </datafield>
	  <datafield tag="300" ind1=" " ind2=" ">
		<subfield code="a">1 vocal score (xvii, 67, 73 [i.e. 37] p.) ;</subfield>
		<subfield code="c">27 x 36 cm.</subfield>
	  </datafield>
	  <datafield tag="440" ind1=" " ind2="0">
		<subfield code="a">Music for London entertainment 1660-1800.</subfield>
		<subfield code="n">Series C,</subfield>
		<subfield code="p">English opera &amp; masque,</subfield>
		<subfield code="x">0264-6242 ;</subfield>
		<subfield code="v">v. 5</subfield>
	  </datafield>
	  <datafield tag="500" ind1=" " ind2=" ">
		<subfield code="a">Comic opera.</subfield>
	  </datafield>
	  <datafield tag="500" ind1=" " ind2=" ">
		<subfield code="a">Rev. version of the pasticcio The banditti; about half the music and the adaptation by Samuel Arnold. Libretto by John O'Keeffe.</subfield>
	  </datafield>
	  <datafield tag="500" ind1=" " ind2=" ">
		<subfield code="a">Reprint of the 1st ed. published as Arnold's op. 20 by J. Bland, London, 1782.</subfield>
	  </datafield>
	  <datafield tag="500" ind1=" " ind2=" ">
		<subfield code="a">Includes reproduction (37 p.) of the ms. libretto submitted for licensing in 1782 (Larpent Ms. 605 in the Huntington Library, San Marino, Calif.).</subfield>
	  </datafield>
	  <datafield tag="591" ind1=" " ind2=" ">
		<subfield code="a"></subfield>
	  </datafield>
	  <datafield tag="650" ind1=" " ind2="0">
		<subfield code="a">Operas</subfield>
		<subfield code="x">Vocal scores with piano.</subfield>
	  </datafield>
	  <datafield tag="650" ind1=" " ind2="0">
		<subfield code="a">Operas</subfield>
		<subfield code="x">Librettos.</subfield>
	  </datafield>
	  <datafield tag="700" ind1="1" ind2=" ">
		<subfield code="a">Hoskins, Robert.</subfield>
	  </datafield>
	  <datafield tag="700" ind1="1" ind2=" ">
		<subfield code="a">Arnold, Samuel,</subfield>
		<subfield code="d">1740-1802.</subfield>
	  </datafield>
	  <datafield tag="700" ind1="1" ind2=" ">
		<subfield code="a">O'Keeffe, John,</subfield>
		<subfield code="d">1747-1833.</subfield>
		<subfield code="4">lbt</subfield>
	  </datafield>
	  <datafield tag="730" ind1="0" ind2="2">
		<subfield code="a">Castle of Andalusia.</subfield>
		<subfield code="s">Libretto.</subfield>
	  </datafield>
	  <datafield tag="730" ind1="0" ind2=" ">
		<subfield code="a">Banditti.</subfield>
	  </datafield>
	  <datafield tag="998" ind1=" " ind2=" ">
		<subfield code="a">4/27/1992</subfield>
		<subfield code="b">11/8/1996</subfield>
		<subfield code="c">4/27/1992</subfield>
	  </datafield>
	  <datafield tag="596" ind1=" " ind2=" ">
		<subfield code="a">20</subfield>
	  </datafield>
	  <datafield tag="999" ind1=" " ind2=" ">
		<subfield code="a">M1503 .C346</subfield>
		<subfield code="w">LC</subfield>
		<subfield code="c">1</subfield>
		<subfield code="i">30000038431346</subfield>
		<subfield code="d">1/11/2011</subfield>
		<subfield code="f">1/11/2011</subfield>
		<subfield code="g">1</subfield>
		<subfield code="l">STACKS</subfield>
		<subfield code="m">B-MUSIC</subfield>
		<subfield code="n">1</subfield>
		<subfield code="q">2</subfield>
		<subfield code="r">Y</subfield>
		<subfield code="s">Y</subfield>
		<subfield code="t">NORMAL</subfield>
		<subfield code="u">11/5/2000</subfield>
	  </datafield>
	</record>