

	<record>
	  <leader>01709cam a2200349Ia 45 0</leader>
	  <controlfield tag="001">a262838</controlfield>
	  <controlfield tag="003">InU</controlfield>
	  <controlfield tag="008">920218r1991uuuuch            000 0cchi d</controlfield>
	  <datafield tag="040" ind1=" " ind2=" ">
		<subfield code="a">PUL</subfield>
		<subfield code="c">PUL</subfield>
		<subfield code="d">GZM</subfield>
		<subfield code="d">KKU</subfield>
		<subfield code="d">OCLCQ</subfield>
	  </datafield>
	  <datafield tag="043" ind1=" " ind2=" ">
		<subfield code="a">a-cc---</subfield>
	  </datafield>
	  <datafield tag="049" ind1=" " ind2=" ">
		<subfield code="a">IULQ [OC Coll.]</subfield>
	  </datafield>
	  <datafield tag="090" ind1=" " ind2=" ">
		<subfield code="a">DS753.5</subfield>
		<subfield code="b">.C436 1991</subfield>
	  </datafield>
	  <datafield tag="130" ind1="0" ind2=" ">
		<subfield code="a">Ming shi.</subfield>
		<subfield code="k">Selections.</subfield>
	  </datafield>
	  <datafield tag="245" ind1="1" ind2="0">
		<subfield code="a">Ming shi lie zhuan :</subfield>
		<subfield code="b">197 juan /</subfield>
		<subfield code="c">Zhang Tingyu deng zhuan.</subfield>
	  </datafield>
	  <datafield tag="260" ind1=" " ind2=" ">
		<subfield code="a">Taibei Shi :</subfield>
		<subfield code="b">Ming wen shu ju,</subfield>
		<subfield code="c">Minguo 80 [1991]</subfield>
	  </datafield>
	  <datafield tag="300" ind1=" " ind2=" ">
		<subfield code="a">6 v. ;</subfield>
		<subfield code="c">22 cm.</subfield>
	  </datafield>
	  <datafield tag="440" ind1=" " ind2="0">
		<subfield code="a">Ming dai zhuan ji cong kan.</subfield>
		<subfield code="p">Zong lu lei ;</subfield>
		<subfield code="v">10</subfield>
	  </datafield>
	  <datafield tag="440" ind1=" " ind2="0">
		<subfield code="a">Ming dai zhuan ji cong kan ;</subfield>
		<subfield code="v">098-103</subfield>
	  </datafield>
	  <datafield tag="500" ind1=" " ind2=" ">
		<subfield code="a">Reprint.</subfield>
	  </datafield>
	  <datafield tag="651" ind1=" " ind2="0">
		<subfield code="a">China</subfield>
		<subfield code="x">History</subfield>
		<subfield code="y">Ming dynasty, 1368-1644</subfield>
		<subfield code="x">Biography.</subfield>
	  </datafield>
	  <datafield tag="651" ind1=" " ind2="0">
		<subfield code="a">China</subfield>
		<subfield code="x">Biography.</subfield>
	  </datafield>
	  <datafield tag="700" ind1="1" ind2=" ">
		<subfield code="a">Zhang, Tingyu,</subfield>
		<subfield code="d">1672-1755.</subfield>
	  </datafield>
	  <datafield tag="035" ind1=" " ind2=" ">
		<subfield code="a">(InU)ACM7384BB</subfield>
	  </datafield>
	  <datafield tag="035" ind1=" " ind2=" ">
		<subfield code="a">(OCoLC)ocm25653816</subfield>
	  </datafield>
	  <datafield tag="591" ind1=" " ind2=" ">
		<subfield code="a"></subfield>
	  </datafield>
	  <datafield tag="596" ind1=" " ind2=" ">
		<subfield code="a">1</subfield>
	  </datafield>
	  <datafield tag="999" ind1=" " ind2=" ">
		<subfield code="a">DS753.5 .M75 1991 v.98-103,v.98</subfield>
		<subfield code="w">LC</subfield>
		<subfield code="c">1</subfield>
		<subfield code="i">30000025554407</subfield>
		<subfield code="d">10/20/1992</subfield>
		<subfield code="l">_RCCHINESE</subfield>
		<subfield code="m">B-WELLS</subfield>
		<subfield code="q">1</subfield>
		<subfield code="r">Y</subfield>
		<subfield code="s">Y</subfield>
		<subfield code="t">NORMAL</subfield>
		<subfield code="u">11/5/2000</subfield>
		<subfield code="x">EASTASIAN</subfield>
	  </datafield>
	  <datafield tag="999" ind1=" " ind2=" ">
		<subfield code="a">DS753.5 .M75 1991 v.98-103,v.99</subfield>
		<subfield code="w">LC</subfield>
		<subfield code="c">1</subfield>
		<subfield code="i">30000025554415</subfield>
		<subfield code="d">10/20/1992</subfield>
		<subfield code="l">_RCCHINESE</subfield>
		<subfield code="m">B-WELLS</subfield>
		<subfield code="q">1</subfield>
		<subfield code="r">Y</subfield>
		<subfield code="s">Y</subfield>
		<subfield code="t">NORMAL</subfield>
		<subfield code="u">11/5/2000</subfield>
		<subfield code="x">EASTASIAN</subfield>
	  </datafield>
	  <datafield tag="999" ind1=" " ind2=" ">
		<subfield code="a">DS753.5 .M75 1991 v.98-103,v.100</subfield>
		<subfield code="w">LC</subfield>
		<subfield code="c">1</subfield>
		<subfield code="i">30000025554423</subfield>
		<subfield code="d">10/20/1992</subfield>
		<subfield code="l">_RCCHINESE</subfield>
		<subfield code="m">B-WELLS</subfield>
		<subfield code="q">1</subfield>
		<subfield code="r">Y</subfield>
		<subfield code="s">Y</subfield>
		<subfield code="t">NORMAL</subfield>
		<subfield code="u">11/5/2000</subfield>
		<subfield code="x">EASTASIAN</subfield>
	  </datafield>
	  <datafield tag="999" ind1=" " ind2=" ">
		<subfield code="a">DS753.5 .M75 1991 v.98-103,v.101</subfield>
		<subfield code="w">LC</subfield>
		<subfield code="c">1</subfield>
		<subfield code="i">30000025554431</subfield>
		<subfield code="d">10/20/1992</subfield>
		<subfield code="l">_RCCHINESE</subfield>
		<subfield code="m">B-WELLS</subfield>
		<subfield code="q">1</subfield>
		<subfield code="r">Y</subfield>
		<subfield code="s">Y</subfield>
		<subfield code="t">NORMAL</subfield>
		<subfield code="u">11/5/2000</subfield>
		<subfield code="x">EASTASIAN</subfield>
	  </datafield>
	  <datafield tag="999" ind1=" " ind2=" ">
		<subfield code="a">DS753.5 .M75 1991 v.98-103,v.102</subfield>
		<subfield code="w">LC</subfield>
		<subfield code="c">1</subfield>
		<subfield code="i">30000025554449</subfield>
		<subfield code="d">10/20/1992</subfield>
		<subfield code="l">_RCCHINESE</subfield>
		<subfield code="m">B-WELLS</subfield>
		<subfield code="q">1</subfield>
		<subfield code="r">Y</subfield>
		<subfield code="s">Y</subfield>
		<subfield code="t">NORMAL</subfield>
		<subfield code="u">11/5/2000</subfield>
		<subfield code="x">EASTASIAN</subfield>
	  </datafield>
	  <datafield tag="999" ind1=" " ind2=" ">
		<subfield code="a">DS753.5 .M75 1991 v.98-103,v.103</subfield>
		<subfield code="w">LC</subfield>
		<subfield code="c">1</subfield>
		<subfield code="i">30000025554456</subfield>
		<subfield code="d">10/20/1992</subfield>
		<subfield code="l">_RCCHINESE</subfield>
		<subfield code="m">B-WELLS</subfield>
		<subfield code="q">1</subfield>
		<subfield code="r">Y</subfield>
		<subfield code="s">Y</subfield>
		<subfield code="t">NORMAL</subfield>
		<subfield code="u">11/5/2000</subfield>
		<subfield code="x">EASTASIAN</subfield>
	  </datafield>
	</record>