
	<record>
	  <leader>01112cam a2200301Ia 45 0</leader>
	  <controlfield tag="001">a262839</controlfield>
	  <controlfield tag="003">InU</controlfield>
	  <controlfield tag="008">911112r1991uuuuch            000 0cchi d</controlfield>
	  <datafield tag="040" ind1=" " ind2=" ">
		<subfield code="a">PUL</subfield>
		<subfield code="c">PUL</subfield>
		<subfield code="d">KKU</subfield>
		<subfield code="d">OCLCQ</subfield>
	  </datafield>
	  <datafield tag="043" ind1=" " ind2=" ">
		<subfield code="a">a-cc---</subfield>
	  </datafield>
	  <datafield tag="049" ind1=" " ind2=" ">
		<subfield code="a">IULQ [OC Coll.]</subfield>
	  </datafield>
	  <datafield tag="090" ind1=" " ind2=" ">
		<subfield code="a">DS753.5</subfield>
		<subfield code="b">.S45 1991</subfield>
	  </datafield>
	  <datafield tag="100" ind1="1" ind2=" ">
		<subfield code="a">Shen, Jia,</subfield>
		<subfield code="d">jin shi 1688.</subfield>
	  </datafield>
	  <datafield tag="245" ind1="1" ind2="0">
		<subfield code="a">Ming ru yan xing lu :</subfield>
		<subfield code="b">10 juan, xu lu 2 juan /</subfield>
		<subfield code="c">Shen Jia zhuan.</subfield>
	  </datafield>
	  <datafield tag="250" ind1=" " ind2=" ">
		<subfield code="a">Chu ban.</subfield>
	  </datafield>
	  <datafield tag="260" ind1=" " ind2=" ">
		<subfield code="a">Taibei Shi :</subfield>
		<subfield code="b">Ming wen shu ju,</subfield>
		<subfield code="c">Minguo 80 [1991]</subfield>
	  </datafield>
	  <datafield tag="300" ind1=" " ind2=" ">
		<subfield code="a">2 v. ;</subfield>
		<subfield code="c">22 cm.</subfield>
	  </datafield>
	  <datafield tag="440" ind1=" " ind2="0">
		<subfield code="a">Ming dai zhuan ji cong kan.</subfield>
		<subfield code="p">Xue lin lei ;</subfield>
		<subfield code="v">2</subfield>
	  </datafield>
	  <datafield tag="440" ind1=" " ind2="0">
		<subfield code="a">Ming dai zhuan ji cong kan ;</subfield>
		<subfield code="v">3-4</subfield>
	  </datafield>
	  <datafield tag="500" ind1=" " ind2=" ">
		<subfield code="a">Reprint.</subfield>
	  </datafield>
	  <datafield tag="650" ind1=" " ind2="0">
		<subfield code="a">Scholars</subfield>
		<subfield code="z">China</subfield>
		<subfield code="x">Biography.</subfield>
	  </datafield>
	  <datafield tag="651" ind1=" " ind2="0">
		<subfield code="a">China</subfield>
		<subfield code="x">History</subfield>
		<subfield code="y">Ming dynasty, 1368-1644</subfield>
		<subfield code="x">Biography.</subfield>
	  </datafield>
	  <datafield tag="035" ind1=" " ind2=" ">
		<subfield code="a">(InU)ACM7385BB</subfield>
	  </datafield>
	  <datafield tag="035" ind1=" " ind2=" ">
		<subfield code="a">(OCoLC)ocm25340333</subfield>
	  </datafield>
	  <datafield tag="591" ind1=" " ind2=" ">
		<subfield code="a"></subfield>
	  </datafield>
	  <datafield tag="596" ind1=" " ind2=" ">
		<subfield code="a">1</subfield>
	  </datafield>
	  <datafield tag="999" ind1=" " ind2=" ">
		<subfield code="a">DS753.5 .M75 1991 v.3-4,v.3</subfield>
		<subfield code="w">LC</subfield>
		<subfield code="c">1</subfield>
		<subfield code="i">30000025554910</subfield>
		<subfield code="d">11/10/1992</subfield>
		<subfield code="l">_RCCHINESE</subfield>
		<subfield code="m">B-WELLS</subfield>
		<subfield code="q">1</subfield>
		<subfield code="r">Y</subfield>
		<subfield code="s">Y</subfield>
		<subfield code="t">NORMAL</subfield>
		<subfield code="u">11/5/2000</subfield>
		<subfield code="x">EASTASIAN</subfield>
	  </datafield>
	  <datafield tag="999" ind1=" " ind2=" ">
		<subfield code="a">DS753.5 .M75 1991 v.3-4,v.4</subfield>
		<subfield code="w">LC</subfield>
		<subfield code="c">1</subfield>
		<subfield code="i">30000025554928</subfield>
		<subfield code="d">3/3/2008</subfield>
		<subfield code="l">_RCCHINESE</subfield>
		<subfield code="m">B-WELLS</subfield>
		<subfield code="q">2</subfield>
		<subfield code="r">Y</subfield>
		<subfield code="s">Y</subfield>
		<subfield code="t">NORMAL</subfield>
		<subfield code="u">11/5/2000</subfield>
		<subfield code="x">EASTASIAN</subfield>
	  </datafield>
	</record>