
	<record>
	  <leader>01031ccm a2200253ua 45 0</leader>
	  <controlfield tag="001">a262521</controlfield>
	  <controlfield tag="003">InU</controlfield>
	  <controlfield tag="008">840406s1982    ohuvra         n    N/A d</controlfield>
	  <datafield tag="035" ind1=" " ind2=" ">
		<subfield code="a">(InU)ACM6782BM</subfield>
	  </datafield>
	  <datafield tag="035" ind1=" " ind2=" ">
		<subfield code="a">(OCoLC)ocm17703705</subfield>
	  </datafield>
	  <datafield tag="040" ind1=" " ind2=" ">
		<subfield code="a">YUU</subfield>
		<subfield code="c">YUU</subfield>
	  </datafield>
	  <datafield tag="048" ind1=" " ind2=" ">
		<subfield code="a">bb02</subfield>
		<subfield code="a">ba01</subfield>
		<subfield code="a">bd01</subfield>
		<subfield code="a">be01</subfield>
	  </datafield>
	  <datafield tag="049" ind1=" " ind2=" ">
		<subfield code="a">IULA</subfield>
	  </datafield>
	  <datafield tag="130" ind1="0" ind2="0">
		<subfield code="a">Dublin Virginal Manuscript.</subfield>
		<subfield code="p">Variations on the romanesca;</subfield>
		<subfield code="o">arr.</subfield>
	  </datafield>
	  <datafield tag="245" ind1="1" ind2="0">
		<subfield code="a">Variations on the romanesca /</subfield>
		<subfield code="c">transcribed for brass quintet by Kenneth Singleton.</subfield>
	  </datafield>
	  <datafield tag="260" ind1="0" ind2=" ">
		<subfield code="a">Cincinnati, Ohio :</subfield>
		<subfield code="b">Queen City Brass Publications,</subfield>
		<subfield code="c">c1982.</subfield>
	  </datafield>
	  <datafield tag="300" ind1=" " ind2=" ">
		<subfield code="a">1 score (8 p.) + 5 parts ;</subfield>
		<subfield code="c">28 cm.</subfield>
	  </datafield>
	  <datafield tag="500" ind1=" " ind2=" ">
		<subfield code="a">Cover title.</subfield>
	  </datafield>
	  <datafield tag="500" ind1=" " ind2=" ">
		<subfield code="a">Anonymous, from the Dubliner Virginal Book; arr. for 2 trumpets, horn, trombone and tuba.</subfield>
	  </datafield>
	  <datafield tag="650" ind1=" " ind2="0">
		<subfield code="a">Brass quintets (Horn, trombone, trumpets (2), tuba), Arranged</subfield>
		<subfield code="x">Scores and parts.</subfield>
	  </datafield>
	  <datafield tag="700" ind1="1" ind2="1">
		<subfield code="a">Singleton, Kenneth.</subfield>
	  </datafield>
	  <datafield tag="998" ind1=" " ind2=" ">
		<subfield code="a">4/24/1992</subfield>
		<subfield code="b">4/24/1992</subfield>
		<subfield code="c">4/24/1992</subfield>
	  </datafield>
	  <datafield tag="596" ind1=" " ind2=" ">
		<subfield code="a">20</subfield>
	  </datafield>
	  <datafield tag="999" ind1=" " ind2=" ">
		<subfield code="a">ACM6782</subfield>
		<subfield code="w">ASIS</subfield>
		<subfield code="c">1</subfield>
		<subfield code="i">30000085066052</subfield>
		<subfield code="d">3/29/2010</subfield>
		<subfield code="e">1/30/2010</subfield>
		<subfield code="j">6</subfield>
		<subfield code="l">_MUFRSCOR</subfield>
		<subfield code="m">B-MUSIC</subfield>
		<subfield code="n">1</subfield>
		<subfield code="q">1</subfield>
		<subfield code="r">Y</subfield>
		<subfield code="s">Y</subfield>
		<subfield code="t">NORMAL</subfield>
		<subfield code="u">11/5/2000</subfield>
	  </datafield>
	</record>