
	<record>
	  <leader>02273cas a2200625 a 45 0</leader>
	  <controlfield tag="001">a262522</controlfield>
	  <controlfield tag="003">InU</controlfield>
	  <controlfield tag="008">910604c19929999nyubx1p       0   a0eng d</controlfield>
	  <datafield tag="010" ind1=" " ind2=" ">
		<subfield code="a">   92643913 </subfield>
		<subfield code="z">sn 91001294</subfield>
	  </datafield>
	  <datafield tag="012" ind1=" " ind2=" ">
		<subfield code="a">2</subfield>
		<subfield code="i">9204</subfield>
		<subfield code="l">1</subfield>
		<subfield code="m">y</subfield>
	  </datafield>
	  <datafield tag="022" ind1="0" ind2=" ">
		<subfield code="a">1056-8719</subfield>
		<subfield code="y">0160-5402</subfield>
	  </datafield>
	  <datafield tag="035" ind1=" " ind2=" ">
		<subfield code="a">(InU)ACM6784IM</subfield>
	  </datafield>
	  <datafield tag="030" ind1=" " ind2=" ">
		<subfield code="a">JPTMEZ</subfield>
	  </datafield>
	  <datafield tag="032" ind1=" " ind2=" ">
		<subfield code="a">560890</subfield>
		<subfield code="b">USPS</subfield>
	  </datafield>
	  <datafield tag="035" ind1=" " ind2=" ">
		<subfield code="a">(OCoLC)ocm23882530</subfield>
	  </datafield>
	  <datafield tag="040" ind1=" " ind2=" ">
		<subfield code="a">NSD</subfield>
		<subfield code="c">NSD</subfield>
		<subfield code="d">DLC</subfield>
		<subfield code="d">CAS</subfield>
		<subfield code="d">NLM</subfield>
		<subfield code="d">NST</subfield>
		<subfield code="d">WAU</subfield>
		<subfield code="d">NST</subfield>
		<subfield code="d">HUL</subfield>
		<subfield code="d">NST</subfield>
		<subfield code="d">AGL</subfield>
		<subfield code="d">NST</subfield>
	  </datafield>
	  <datafield tag="042" ind1=" " ind2=" ">
		<subfield code="a">nsdp</subfield>
		<subfield code="a">lc</subfield>
	  </datafield>
	  <datafield tag="049" ind1=" " ind2=" ">
		<subfield code="a">IUMB</subfield>
	  </datafield>
	  <datafield tag="050" ind1="0" ind2="0">
		<subfield code="a">QP901</subfield>
		<subfield code="b">.J68</subfield>
	  </datafield>
	  <datafield tag="060" ind1="0" ind2="0">
		<subfield code="a">W1</subfield>
		<subfield code="b">JO829PQ</subfield>
	  </datafield>
	  <datafield tag="069" ind1="0" ind2=" ">
		<subfield code="a">9206091</subfield>
	  </datafield>
	  <datafield tag="069" ind1="1" ind2=" ">
		<subfield code="a">SR0072556</subfield>
	  </datafield>
	  <datafield tag="070" ind1="0" ind2=" ">
		<subfield code="a">QP901.J6</subfield>
	  </datafield>
	  <datafield tag="072" ind1=" " ind2="0">
		<subfield code="a">X300</subfield>
	  </datafield>
	  <datafield tag="082" ind1=" " ind2=" ">
		<subfield code="a">615/.1/028</subfield>
	  </datafield>
	  <datafield tag="210" ind1="0" ind2=" ">
		<subfield code="a">J. pharmacol. toxicol. methods</subfield>
	  </datafield>
	  <datafield tag="222" ind1=" " ind2="0">
		<subfield code="a">Journal of pharmacological and toxicological methods</subfield>
	  </datafield>
	  <datafield tag="245" ind1="0" ind2="0">
		<subfield code="a">Journal of pharmacological and toxicological methods.</subfield>
	  </datafield>
	  <datafield tag="246" ind1="1" ind2="3">
		<subfield code="a">J Pharmacol Toxicol Methods</subfield>
	  </datafield>
	  <datafield tag="260" ind1=" " ind2="0">
		<subfield code="a">New York, NY :</subfield>
		<subfield code="b">Elsevier,</subfield>
		<subfield code="c">c1992-</subfield>
	  </datafield>
	  <datafield tag="300" ind1=" " ind2=" ">
		<subfield code="a">v. :</subfield>
		<subfield code="b">ill. ;</subfield>
		<subfield code="c">28 cm.</subfield>
	  </datafield>
	  <datafield tag="310" ind1=" " ind2=" ">
		<subfield code="a">Monthly, except Jan., Feb., June &amp; Oct.</subfield>
	  </datafield>
	  <datafield tag="362" ind1="0" ind2=" ">
		<subfield code="a">Vol. 27, no. 1 (Mar. 1992)-</subfield>
	  </datafield>
	  <datafield tag="510" ind1="1" ind2=" ">
		<subfield code="a">Index medicus</subfield>
		<subfield code="x">0019-3879</subfield>
		<subfield code="b">1992-</subfield>
	  </datafield>
	  <datafield tag="510" ind1="1" ind2=" ">
		<subfield code="a">Excerpta medica</subfield>
	  </datafield>
	  <datafield tag="510" ind1="2" ind2=" ">
		<subfield code="a">Biological abstracts</subfield>
		<subfield code="x">0006-3169</subfield>
	  </datafield>
	  <datafield tag="510" ind1="2" ind2=" ">
		<subfield code="a">Biological abstracts</subfield>
		<subfield code="x">0006-3169</subfield>
	  </datafield>
	  <datafield tag="510" ind1="2" ind2=" ">
		<subfield code="a">Chemical abstracts</subfield>
		<subfield code="x">0009-2258</subfield>
	  </datafield>
	  <datafield tag="510" ind1="2" ind2=" ">
		<subfield code="a">Life sciences collection</subfield>
	  </datafield>
	  <datafield tag="510" ind1="2" ind2=" ">
		<subfield code="a">PESTDOC</subfield>
	  </datafield>
	  <datafield tag="510" ind1="2" ind2=" ">
		<subfield code="a">RINGDOC</subfield>
	  </datafield>
	  <datafield tag="510" ind1="2" ind2=" ">
		<subfield code="a">VETDOC</subfield>
	  </datafield>
	  <datafield tag="650" ind1=" " ind2="0">
		<subfield code="a">Pharmacology, Experimental</subfield>
		<subfield code="x">Technique</subfield>
		<subfield code="x">Periodicals.</subfield>
	  </datafield>
	  <datafield tag="650" ind1=" " ind2="0">
		<subfield code="a">Toxicology</subfield>
		<subfield code="x">Technique</subfield>
		<subfield code="x">Periodicals.</subfield>
	  </datafield>
	  <datafield tag="650" ind1=" " ind2="0">
		<subfield code="a">Pharmacology</subfield>
		<subfield code="x">Technique</subfield>
		<subfield code="x">Periodicals.</subfield>
	  </datafield>
	  <datafield tag="650" ind1=" " ind2="2">
		<subfield code="a">Pharmacology</subfield>
		<subfield code="x">methods</subfield>
		<subfield code="x">periodicals.</subfield>
	  </datafield>
	  <datafield tag="650" ind1=" " ind2="2">
		<subfield code="a">Research</subfield>
		<subfield code="x">methods</subfield>
		<subfield code="x">periodicals.</subfield>
	  </datafield>
	  <datafield tag="650" ind1=" " ind2="2">
		<subfield code="a">Toxicology</subfield>
		<subfield code="x">methods</subfield>
		<subfield code="x">periodicals.</subfield>
	  </datafield>
	  <datafield tag="780" ind1="0" ind2="0">
		<subfield code="t">Journal of pharmacological methods</subfield>
		<subfield code="x">0160-5402</subfield>
		<subfield code="w">(DLC)   78646680</subfield>
		<subfield code="w">(OCoLC)3702943</subfield>
	  </datafield>
	  <datafield tag="850" ind1=" " ind2=" ">
		<subfield code="a">AAP</subfield>
		<subfield code="a">CU-AM</subfield>
		<subfield code="a">DLC</subfield>
		<subfield code="a">DNAL</subfield>
		<subfield code="a">DNLM</subfield>
		<subfield code="a">IU-M</subfield>
		<subfield code="a">InLP</subfield>
		<subfield code="a">MBCo</subfield>
		<subfield code="a">MiEM</subfield>
		<subfield code="a">MoKL</subfield>
		<subfield code="a">MoSW-M</subfield>
		<subfield code="a">NbU-M</subfield>
		<subfield code="a">NjR</subfield>
		<subfield code="a">PU-Med</subfield>
		<subfield code="a">TxHMC</subfield>
		<subfield code="a">WaU</subfield>
	  </datafield>
	  <datafield tag="856" ind1="4" ind2="1">
		<subfield code="a">IUPUI</subfield>
		<subfield code="u">http://atoz.ebsco.com/titles.asp?KW=1056-8719&amp;id=792&amp;SF=ISSN&amp;ST=Contains</subfield>
	  </datafield>
	  <datafield tag="890" ind1=" " ind2=" ">
		<subfield code="a">Journal of pharmacological and toxicological methods.</subfield>
	  </datafield>
	  <datafield tag="998" ind1=" " ind2=" ">
		<subfield code="a">4/24/1992</subfield>
		<subfield code="b">8/22/1997</subfield>
		<subfield code="c">4/24/1992</subfield>
	  </datafield>
	  <datafield tag="596" ind1=" " ind2=" ">
		<subfield code="a">49</subfield>
	  </datafield>
	  <datafield tag="999" ind1=" " ind2=" ">
		<subfield code="a">XX(262522.3)</subfield>
		<subfield code="w">NLM</subfield>
		<subfield code="c">1</subfield>
		<subfield code="i">262522-3001</subfield>
		<subfield code="d">4/22/1993</subfield>
		<subfield code="l">E-JOURNAL</subfield>
		<subfield code="m">I-MEDICINE</subfield>
		<subfield code="n">1</subfield>
		<subfield code="r">Y</subfield>
		<subfield code="s">Y</subfield>
		<subfield code="t">NONCIRC</subfield>
		<subfield code="u">11/5/2000</subfield>
	  </datafield>
	</record>