
	<record>
	  <leader>02362cjm a22004335a 45 0</leader>
	  <controlfield tag="001">a262523</controlfield>
	  <controlfield tag="003">InU</controlfield>
	  <controlfield tag="008">920902s1992    xx mun              lat d</controlfield>
	  <controlfield tag="007">st-osncmb-----</controlfield>
	  <datafield tag="035" ind1=" " ind2=" ">
		<subfield code="a">(InU)ACM6787BM</subfield>
	  </datafield>
	  <datafield tag="035" ind1=" " ind2=" ">
		<subfield code="a">(OCoLC)ocm26523119</subfield>
	  </datafield>
	  <datafield tag="040" ind1=" " ind2=" ">
		<subfield code="a">IUL</subfield>
		<subfield code="c">IUL</subfield>
	  </datafield>
	  <datafield tag="041" ind1="0" ind2=" ">
		<subfield code="d">lateng</subfield>
	  </datafield>
	  <datafield tag="047" ind1=" " ind2=" ">
		<subfield code="a">ms</subfield>
		<subfield code="a">fm</subfield>
	  </datafield>
	  <datafield tag="049" ind1=" " ind2=" ">
		<subfield code="a">IUL.</subfield>
	  </datafield>
	  <datafield tag="099" ind1=" " ind2=" ">
		<subfield code="a">TP-S</subfield>
		<subfield code="a">.I397553</subfield>
		<subfield code="a">92-4-22</subfield>
	  </datafield>
	  <datafield tag="110" ind1="2" ind2="0">
		<subfield code="a">Indiana University Masters Conductors' Chorus.</subfield>
		<subfield code="4">prf</subfield>
	  </datafield>
	  <datafield tag="245" ind1="0" ind2="0">
		<subfield code="a">[Program, 1991-1992, no. 847]</subfield>
		<subfield code="h">[sound recording]</subfield>
	  </datafield>
	  <datafield tag="260" ind1="0" ind2=" ">
		<subfield code="c">1992.</subfield>
	  </datafield>
	  <datafield tag="300" ind1=" " ind2=" ">
		<subfield code="a">2 sound tape reels :</subfield>
		<subfield code="b">analog, 7 1/2 ips, 2 track, stereo. ;</subfield>
		<subfield code="c">7 in.</subfield>
	  </datafield>
	  <datafield tag="490" ind1="1" ind2=" ">
		<subfield code="a">Program / Indiana University School of Music ;</subfield>
		<subfield code="v">1991-1992, no. 847</subfield>
	  </datafield>
	  <datafield tag="511" ind1="0" ind2=" ">
		<subfield code="a">Indiana University Masters Conductors' Chorus ; Katherine Davis (in the 1st and 4th works), Thomas Alm (in the 2nd and 3rd works), conductors.</subfield>
	  </datafield>
	  <datafield tag="518" ind1=" " ind2=" ">
		<subfield code="a">Recorded on April 22, 1992.</subfield>
	  </datafield>
	  <datafield tag="505" ind1="0" ind2=" ">
		<subfield code="a">[v. 1] Missa brevis St. Joannis de Deo (1775) ("Kleine Orgelmesse") / Joseph Haydn (17:42) -- Coronation anthem no. 4 (1727), Let Thy hand be strengthened / George Frideric Handel (7:27) -- [v. 2] Five English folk songs (1908). The dark eyed sailor ; The lover's ghost ; Just as the tide was flowing / Ralph Vaughan Williams (7:47) -- Gloriana (1953). Choral dances / Benjamin Britten (8:20).</subfield>
	  </datafield>
	  <datafield tag="650" ind1=" " ind2="0">
		<subfield code="a">Masses.</subfield>
	  </datafield>
	  <datafield tag="650" ind1=" " ind2="0">
		<subfield code="a">Psalms (Music)</subfield>
		<subfield code="v">89th Psalm.</subfield>
	  </datafield>
	  <datafield tag="650" ind1=" " ind2="0">
		<subfield code="a">Choruses, Sacred (Mixed voices) with orchestra.</subfield>
	  </datafield>
	  <datafield tag="650" ind1=" " ind2="0">
		<subfield code="a">Choruses, Secular (Mixed voices), Unaccompanied.</subfield>
	  </datafield>
	  <datafield tag="700" ind1="1" ind2="0">
		<subfield code="a">Davis, Katherine.</subfield>
		<subfield code="4">cnd</subfield>
	  </datafield>
	  <datafield tag="700" ind1="1" ind2="0">
		<subfield code="a">Alm, Thomas G.</subfield>
		<subfield code="4">cnd</subfield>
	  </datafield>
	  <datafield tag="700" ind1="1" ind2="2">
		<subfield code="a">Haydn, Joseph,</subfield>
		<subfield code="d">1732-1809.</subfield>
		<subfield code="t">Masses,</subfield>
		<subfield code="n">H. XXII, 7,</subfield>
		<subfield code="r">B♭ major.</subfield>
	  </datafield>
	  <datafield tag="700" ind1="1" ind2="2">
		<subfield code="a">Handel, George Frideric,</subfield>
		<subfield code="d">1685-1759.</subfield>
		<subfield code="t">Coronation anthems.</subfield>
		<subfield code="p">Let thy hand be strengthened.</subfield>
	  </datafield>
	  <datafield tag="700" ind1="2" ind2="2">
		<subfield code="a">Vaughan Williams, Ralph,</subfield>
		<subfield code="d">1872-1958.</subfield>
		<subfield code="t">English folk songs (Choral work).</subfield>
		<subfield code="k">Selections.</subfield>
	  </datafield>
	  <datafield tag="700" ind1="1" ind2="2">
		<subfield code="a">Britten, Benjamin,</subfield>
		<subfield code="d">1913-1976.</subfield>
		<subfield code="t">Gloriana.</subfield>
		<subfield code="p">Choral dances.</subfield>
	  </datafield>
	  <datafield tag="810" ind1="2" ind2=" ">
		<subfield code="a">Indiana University, Bloomington.</subfield>
		<subfield code="b">School of Music.</subfield>
		<subfield code="t">Program ;</subfield>
		<subfield code="v">1991-1992, no. 847.</subfield>
	  </datafield>
	  <datafield tag="998" ind1=" " ind2=" ">
		<subfield code="a">4/24/1992</subfield>
		<subfield code="b">6/16/2000</subfield>
		<subfield code="c">4/24/1992</subfield>
	  </datafield>
	  <datafield tag="596" ind1=" " ind2=" ">
		<subfield code="a">20</subfield>
	  </datafield>
	  <datafield tag="999" ind1=" " ind2=" ">
		<subfield code="a">TP-S .I397553 92-4-22 v. 1</subfield>
		<subfield code="w">ASIS</subfield>
		<subfield code="c">1</subfield>
		<subfield code="i">30000026700223</subfield>
		<subfield code="d">6/16/2000</subfield>
		<subfield code="l">_MUIUTP</subfield>
		<subfield code="m">B-MUSIC</subfield>
		<subfield code="n">4</subfield>
		<subfield code="q">5</subfield>
		<subfield code="r">Y</subfield>
		<subfield code="s">Y</subfield>
		<subfield code="t">HOUR06</subfield>
		<subfield code="u">11/5/2000</subfield>
		<subfield code="x">IUPERF</subfield>
		<subfield code="z">REELTAPE</subfield>
	  </datafield>
	  <datafield tag="999" ind1=" " ind2=" ">
		<subfield code="a">TP-S .I397553 92-4-22 v. 2</subfield>
		<subfield code="w">ASIS</subfield>
		<subfield code="c">1</subfield>
		<subfield code="i">30000026700231</subfield>
		<subfield code="d">6/16/2000</subfield>
		<subfield code="l">_MUIUTP</subfield>
		<subfield code="m">B-MUSIC</subfield>
		<subfield code="n">7</subfield>
		<subfield code="q">8</subfield>
		<subfield code="r">Y</subfield>
		<subfield code="s">Y</subfield>
		<subfield code="t">HOUR06</subfield>
		<subfield code="u">11/5/2000</subfield>
		<subfield code="x">IUPERF</subfield>
		<subfield code="z">REELTAPE</subfield>
	  </datafield>
	</record>