
	<record>
	  <leader>01396ccm a2200337 a 45 0</leader>
	  <controlfield tag="001">a261748</controlfield>
	  <controlfield tag="003">InU</controlfield>
	  <controlfield tag="008">840531s1981    enkpta         n    lat  </controlfield>
	  <datafield tag="010" ind1=" " ind2=" ">
		<subfield code="a">   84757996 /M</subfield>
	  </datafield>
	  <datafield tag="019" ind1=" " ind2=" ">
		<subfield code="a">08721341</subfield>
	  </datafield>
	  <datafield tag="035" ind1=" " ind2=" ">
		<subfield code="a">(InU)ACM5542BM</subfield>
	  </datafield>
	  <datafield tag="035" ind1=" " ind2=" ">
		<subfield code="a">(OCoLC)ocm12914426</subfield>
	  </datafield>
	  <datafield tag="040" ind1=" " ind2=" ">
		<subfield code="a">DLC</subfield>
		<subfield code="c">DLC</subfield>
		<subfield code="d">m/c</subfield>
		<subfield code="d">OCL</subfield>
	  </datafield>
	  <datafield tag="041" ind1="1" ind2=" ">
		<subfield code="a">lat</subfield>
		<subfield code="e">eng</subfield>
		<subfield code="h">lat</subfield>
	  </datafield>
	  <datafield tag="048" ind1=" " ind2=" ">
		<subfield code="a">vu03</subfield>
	  </datafield>
	  <datafield tag="048" ind1=" " ind2=" ">
		<subfield code="a">vu04</subfield>
	  </datafield>
	  <datafield tag="049" ind1=" " ind2=" ">
		<subfield code="a">IULA</subfield>
	  </datafield>
	  <datafield tag="050" ind1="0" ind2="0">
		<subfield code="a">M2083.W67</subfield>
		<subfield code="b">S7 1981</subfield>
	  </datafield>
	  <datafield tag="130" ind1="0" ind2=" ">
		<subfield code="a">Worcester fragments.</subfield>
		<subfield code="k">Selections</subfield>
	  </datafield>
	  <datafield tag="245" ind1="0" ind2="4">
		<subfield code="a">The Worcester fragments /</subfield>
		<subfield code="c">arranged by Denis Stevens.</subfield>
	  </datafield>
	  <datafield tag="260" ind1=" " ind2=" ">
		<subfield code="a">Eastwood, Leigh on Sea, Essex :</subfield>
		<subfield code="b">B. Ramsey ;</subfield>
		<subfield code="a">New York, NY :</subfield>
		<subfield code="b">Agent for USA &amp; Canada, A. Broude,</subfield>
		<subfield code="c">c1981.</subfield>
	  </datafield>
	  <datafield tag="300" ind1=" " ind2=" ">
		<subfield code="a">1 score (52 p.) ;</subfield>
		<subfield code="c">30 cm.</subfield>
	  </datafield>
	  <datafield tag="500" ind1=" " ind2=" ">
		<subfield code="a">For 3-4 male voices.</subfield>
	  </datafield>
	  <datafield tag="500" ind1=" " ind2=" ">
		<subfield code="a">Latin words; includes English translations printed as text.</subfield>
	  </datafield>
	  <datafield tag="505" ind1="0" ind2=" ">
		<subfield code="a">Alleluia psallat haec familia -- Fulget caelestis -- Gaude, gaude, gaude, Maria Virgo -- Epiphaniam Domino canamus gloriosam -- Beata viscera Maria[e] Virginis -- Sanctus and Benedictus -- Agnus Dei -- Gloria -- Spiritus procedens a Patre -- Alleluia--Per te Dei Genetrix -- Salve sancta Parens.</subfield>
	  </datafield>
	  <datafield tag="591" ind1=" " ind2=" ">
		<subfield code="a"></subfield>
	  </datafield>
	  <datafield tag="650" ind1=" " ind2="0">
		<subfield code="a">Part songs, Sacred</subfield>
	  </datafield>
	  <datafield tag="700" ind1="1" ind2=" ">
		<subfield code="a">Stevens, Denis,</subfield>
		<subfield code="d">1922-2004</subfield>
		<subfield code="4">arr</subfield>
	  </datafield>
	  <datafield tag="998" ind1=" " ind2=" ">
		<subfield code="a">4/23/1992</subfield>
		<subfield code="b">11/4/1996</subfield>
		<subfield code="c">4/23/1992</subfield>
	  </datafield>
	  <datafield tag="596" ind1=" " ind2=" ">
		<subfield code="a">20</subfield>
	  </datafield>
	  <datafield tag="999" ind1=" " ind2=" ">
		<subfield code="a">M2083.W67 S7</subfield>
		<subfield code="w">LC</subfield>
		<subfield code="c">1</subfield>
		<subfield code="i">30000047004589</subfield>
		<subfield code="d">1/25/2011</subfield>
		<subfield code="e">1/23/2011</subfield>
		<subfield code="l">STACKS</subfield>
		<subfield code="m">B-MUSIC</subfield>
		<subfield code="n">6</subfield>
		<subfield code="q">5</subfield>
		<subfield code="r">Y</subfield>
		<subfield code="s">Y</subfield>
		<subfield code="t">NORMAL</subfield>
		<subfield code="u">11/5/2000</subfield>
	  </datafield>
	</record>