
	<record>
	  <leader>01429cam a2200373 a 45 0</leader>
	  <controlfield tag="001">a261443</controlfield>
	  <controlfield tag="003">InU</controlfield>
	  <controlfield tag="008">910515s1990    ja a     b    00100 eng  </controlfield>
	  <datafield tag="010" ind1=" " ind2=" ">
		<subfield code="a">   91152978</subfield>
	  </datafield>
	  <datafield tag="019" ind1=" " ind2=" ">
		<subfield code="a">23752947</subfield>
	  </datafield>
	  <datafield tag="020" ind1=" " ind2=" ">
		<subfield code="a">4130470493</subfield>
	  </datafield>
	  <datafield tag="020" ind1=" " ind2=" ">
		<subfield code="a">0860084647</subfield>
	  </datafield>
	  <datafield tag="035" ind1=" " ind2=" ">
		<subfield code="a">(InU)ACM5008BB</subfield>
	  </datafield>
	  <datafield tag="035" ind1=" " ind2=" ">
		<subfield code="a">(OCoLC)ocm24069536</subfield>
	  </datafield>
	  <datafield tag="040" ind1=" " ind2=" ">
		<subfield code="a">DLC</subfield>
		<subfield code="c">DLC</subfield>
		<subfield code="d">IUL</subfield>
	  </datafield>
	  <datafield tag="041" ind1="1" ind2=" ">
		<subfield code="a">eng</subfield>
		<subfield code="h">jpn</subfield>
	  </datafield>
	  <datafield tag="043" ind1=" " ind2=" ">
		<subfield code="a">a-ja---</subfield>
		<subfield code="a">as-----</subfield>
	  </datafield>
	  <datafield tag="050" ind1="0" ind2="0">
		<subfield code="a">HD5715.5.J3</subfield>
		<subfield code="b">J5513 1990</subfield>
	  </datafield>
	  <datafield tag="130" ind1="0" ind2="0">
		<subfield code="a">Jinzai keisei no kokusai hikaku.</subfield>
		<subfield code="l">English.</subfield>
	  </datafield>
	  <datafield tag="245" ind1="1" ind2="0">
		<subfield code="a">Skill formation in Japan and Southeast Asia /</subfield>
		<subfield code="c">edited by Kazuo Koike and Takenori Inoki.</subfield>
	  </datafield>
	  <datafield tag="260" ind1="0" ind2=" ">
		<subfield code="a">[Tokyo] :</subfield>
		<subfield code="b">University of Tokyo Press,</subfield>
		<subfield code="c">c1990.</subfield>
	  </datafield>
	  <datafield tag="300" ind1=" " ind2=" ">
		<subfield code="a">x, 252 p. :</subfield>
		<subfield code="b">ill. ;</subfield>
		<subfield code="c">24 cm.</subfield>
	  </datafield>
	  <datafield tag="500" ind1=" " ind2=" ">
		<subfield code="a">Translation of: Jinzai keisei no kokusai hikaku.</subfield>
	  </datafield>
	  <datafield tag="504" ind1=" " ind2=" ">
		<subfield code="a">Includes bibliographical references (p. 241-248) and index.</subfield>
	  </datafield>
	  <datafield tag="650" ind1=" " ind2="0">
		<subfield code="a">Occupational training</subfield>
		<subfield code="z">Japan.</subfield>
	  </datafield>
	  <datafield tag="650" ind1=" " ind2="0">
		<subfield code="a">Occupational training</subfield>
		<subfield code="z">Southeast Asia.</subfield>
	  </datafield>
	  <datafield tag="650" ind1=" " ind2="0">
		<subfield code="a">Occupational training</subfield>
		<subfield code="z">Japan</subfield>
		<subfield code="x">Case studies.</subfield>
	  </datafield>
	  <datafield tag="650" ind1=" " ind2="0">
		<subfield code="a">Occupational training</subfield>
		<subfield code="z">Southeast Asia</subfield>
		<subfield code="x">Case studies.</subfield>
	  </datafield>
	  <datafield tag="700" ind1="1" ind2="0">
		<subfield code="a">Koike, Kazuo,</subfield>
		<subfield code="d">1932-</subfield>
	  </datafield>
	  <datafield tag="700" ind1="1" ind2="0">
		<subfield code="a">Inoki, Takenori.</subfield>
	  </datafield>
	  <datafield tag="998" ind1=" " ind2=" ">
		<subfield code="a">4/22/1992</subfield>
		<subfield code="b">5/6/1992</subfield>
		<subfield code="c">4/22/1992</subfield>
	  </datafield>
	  <datafield tag="596" ind1=" " ind2=" ">
		<subfield code="a">1 5</subfield>
	  </datafield>
	  <datafield tag="999" ind1=" " ind2=" ">
		<subfield code="a">HD5715.5.J3 J5513 1990</subfield>
		<subfield code="w">LC</subfield>
		<subfield code="c">1</subfield>
		<subfield code="i">30000009150107</subfield>
		<subfield code="d">3/21/1995</subfield>
		<subfield code="l">_RCSTACKS</subfield>
		<subfield code="m">B-WELLS</subfield>
		<subfield code="n">1</subfield>
		<subfield code="r">Y</subfield>
		<subfield code="s">Y</subfield>
		<subfield code="t">NORMAL</subfield>
		<subfield code="u">11/5/2000</subfield>
	  </datafield>
	  <datafield tag="999" ind1=" " ind2=" ">
		<subfield code="a">HD5715.5.J3 J5513 1990</subfield>
		<subfield code="w">LC</subfield>
		<subfield code="c">1</subfield>
		<subfield code="i">30000106623279</subfield>
		<subfield code="d">5/17/1993</subfield>
		<subfield code="l">_ALF</subfield>
		<subfield code="m">B-ALF</subfield>
		<subfield code="n">1</subfield>
		<subfield code="r">Y</subfield>
		<subfield code="s">Y</subfield>
		<subfield code="t">NORMAL</subfield>
		<subfield code="u">11/5/2000</subfield>
	  </datafield>
	</record>