
	<record>
	  <leader>01393ccm a2200325u  45 0</leader>
	  <controlfield tag="001">a259322</controlfield>
	  <controlfield tag="003">InU</controlfield>
	  <controlfield tag="008">901019s1921    sp mdz   b     n    cat  </controlfield>
	  <datafield tag="010" ind1=" " ind2=" ">
		<subfield code="a">   22009060</subfield>
	  </datafield>
	  <datafield tag="035" ind1=" " ind2=" ">
		<subfield code="a">(InU)ACM1259BM</subfield>
	  </datafield>
	  <datafield tag="035" ind1=" " ind2=" ">
		<subfield code="a">(OCoLC)ocm23223957</subfield>
	  </datafield>
	  <datafield tag="040" ind1=" " ind2=" ">
		<subfield code="a">DLC</subfield>
		<subfield code="c">COO</subfield>
		<subfield code="d">m.c.</subfield>
		<subfield code="d">IUG</subfield>
	  </datafield>
	  <datafield tag="045" ind1=" " ind2=" ">
		<subfield code="a">t4t9</subfield>
	  </datafield>
	  <datafield tag="049" ind1=" " ind2=" ">
		<subfield code="a">IUGA</subfield>
	  </datafield>
	  <datafield tag="050" ind1=" " ind2=" ">
		<subfield code="a">M2</subfield>
		<subfield code="b">.B28</subfield>
	  </datafield>
	  <datafield tag="100" ind1="1" ind2="0">
		<subfield code="a">Brudieu, Joan,</subfield>
		<subfield code="d">ca. 1520-1591.</subfield>
	  </datafield>
	  <datafield tag="240" ind1="1" ind2="0">
		<subfield code="a">Madrigals.</subfield>
		<subfield code="k">Selections</subfield>
	  </datafield>
	  <datafield tag="245" ind1="1" ind2="4">
		<subfield code="a">Els Madrigals i la Missa de difunts d'En Brudieu;</subfield>
		<subfield code="c">transcripció i notes històriques i crítiques per Felipe Pedrell i Mn. Higini Anglès, prev.</subfield>
	  </datafield>
	  <datafield tag="260" ind1="0" ind2=" ">
		<subfield code="a">Barcelona,</subfield>
		<subfield code="b">Institut d'estudis catalans,</subfield>
		<subfield code="c">1921.</subfield>
	  </datafield>
	  <datafield tag="300" ind1=" " ind2=" ">
		<subfield code="a">162 p., 1 l.; 244 p. (music) 2 l.</subfield>
		<subfield code="b">illus. (facsims., music)</subfield>
		<subfield code="c">27 cm.</subfield>
	  </datafield>
	  <datafield tag="490" ind1="1" ind2=" ">
		<subfield code="a">Biblioteca de Catalunya. Publicacions del Departament de Música,</subfield>
		<subfield code="v">I</subfield>
	  </datafield>
	  <datafield tag="500" ind1=" " ind2=" ">
		<subfield code="a">"Biografia d'En Brudieu [per H. Anglès]": p. [7]-63. "Noves dades per a la biografia d'En Brudieu [per Pere Pujol i Tubau]": p. [153]-156.</subfield>
	  </datafield>
	  <datafield tag="500" ind1=" " ind2=" ">
		<subfield code="a">"La Capella musical de La Seu [per H. Anglès]": p. [135]-151.</subfield>
	  </datafield>
	  <datafield tag="650" ind1=" " ind2="0">
		<subfield code="a">Madrigals, Catalan.</subfield>
	  </datafield>
	  <datafield tag="700" ind1="1" ind2="0">
		<subfield code="a">Pedrell, Felipe,</subfield>
		<subfield code="d">1841-1922.</subfield>
	  </datafield>
	  <datafield tag="700" ind1="1" ind2="0">
		<subfield code="a">Anglès, Higini,</subfield>
		<subfield code="d">1888-1969.</subfield>
	  </datafield>
	  <datafield tag="830" ind1=" " ind2="0">
		<subfield code="a">Publicacions del Departament de Música,</subfield>
		<subfield code="v">1.</subfield>
	  </datafield>
	  <datafield tag="998" ind1=" " ind2=" ">
		<subfield code="a">4/17/1992</subfield>
		<subfield code="b">9/13/1993</subfield>
		<subfield code="c">4/17/1992</subfield>
	  </datafield>
	  <datafield tag="596" ind1=" " ind2=" ">
		<subfield code="a">20</subfield>
	  </datafield>
	  <datafield tag="999" ind1=" " ind2=" ">
		<subfield code="a">M2 .B24 v. 1</subfield>
		<subfield code="w">LC</subfield>
		<subfield code="c">1</subfield>
		<subfield code="i">32000006327342</subfield>
		<subfield code="d">2/23/2008</subfield>
		<subfield code="l">_MUM2M3</subfield>
		<subfield code="m">B-MUSIC</subfield>
		<subfield code="n">3</subfield>
		<subfield code="q">3</subfield>
		<subfield code="r">Y</subfield>
		<subfield code="s">Y</subfield>
		<subfield code="t">_M2M3</subfield>
		<subfield code="u">11/5/2000</subfield>
	  </datafield>
	</record>