
	<record>
	  <leader>00986cam a2200325 a 45 0</leader>
	  <controlfield tag="001">a259319</controlfield>
	  <controlfield tag="003">InU</controlfield>
	  <controlfield tag="008">931217s1991    sp            00010 spa d</controlfield>
	  <datafield tag="020" ind1=" " ind2=" ">
		<subfield code="a">8478760660</subfield>
	  </datafield>
	  <datafield tag="035" ind1=" " ind2=" ">
		<subfield code="a">(InU)ACM1253BB</subfield>
	  </datafield>
	  <datafield tag="035" ind1=" " ind2=" ">
		<subfield code="a">(OCoLC)ocm29516021</subfield>
	  </datafield>
	  <datafield tag="035" ind1=" " ind2=" ">
		<subfield code="a">26845290</subfield>
		<subfield code="b">KKUA</subfield>
	  </datafield>
	  <datafield tag="040" ind1=" " ind2=" ">
		<subfield code="a">KKU</subfield>
		<subfield code="c">KKU</subfield>
		<subfield code="d">IUL</subfield>
	  </datafield>
	  <datafield tag="041" ind1="1" ind2=" ">
		<subfield code="a">spa</subfield>
		<subfield code="h">cat</subfield>
	  </datafield>
	  <datafield tag="049" ind1=" " ind2=" ">
		<subfield code="a">IULA</subfield>
	  </datafield>
	  <datafield tag="050" ind1="0" ind2=" ">
		<subfield code="a">BH39</subfield>
		<subfield code="b">.M39518 1991</subfield>
	  </datafield>
	  <datafield tag="100" ind1="1" ind2=" ">
		<subfield code="a">Marí, Antoni,</subfield>
		<subfield code="d">1944-</subfield>
	  </datafield>
	  <datafield tag="240" ind1="1" ind2="0">
		<subfield code="a">Voluntat expressiva.</subfield>
		<subfield code="l">Spanish</subfield>
	  </datafield>
	  <datafield tag="245" ind1="1" ind2="3">
		<subfield code="a">La voluntad expresiva :</subfield>
		<subfield code="b">ensayos para una poética /</subfield>
		<subfield code="c">Antoni Marí.</subfield>
	  </datafield>
	  <datafield tag="250" ind1=" " ind2=" ">
		<subfield code="a">1. ed.</subfield>
	  </datafield>
	  <datafield tag="260" ind1=" " ind2=" ">
		<subfield code="a">Barcelona :</subfield>
		<subfield code="b">Versal,</subfield>
		<subfield code="c">1991.</subfield>
	  </datafield>
	  <datafield tag="300" ind1=" " ind2=" ">
		<subfield code="a">200 p. ;</subfield>
		<subfield code="c">21 cm.</subfield>
	  </datafield>
	  <datafield tag="490" ind1="1" ind2=" ">
		<subfield code="a">Tendencias</subfield>
	  </datafield>
	  <datafield tag="500" ind1=" " ind2=" ">
		<subfield code="a">Translation of: La voluntat expressiva.</subfield>
	  </datafield>
	  <datafield tag="591" ind1=" " ind2=" ">
		<subfield code="a"></subfield>
	  </datafield>
	  <datafield tag="650" ind1=" " ind2="0">
		<subfield code="a">Aesthetics.</subfield>
	  </datafield>
	  <datafield tag="830" ind1=" " ind2="0">
		<subfield code="a">Tendencias (Barcelona, Spain)</subfield>
	  </datafield>
	  <datafield tag="998" ind1=" " ind2=" ">
		<subfield code="a">4/17/1992</subfield>
		<subfield code="b">3/11/1998</subfield>
		<subfield code="c">8/11/1994</subfield>
	  </datafield>
	  <datafield tag="596" ind1=" " ind2=" ">
		<subfield code="a">1</subfield>
	  </datafield>
	  <datafield tag="999" ind1=" " ind2=" ">
		<subfield code="a">BH39 .M39518 1991</subfield>
		<subfield code="w">LC</subfield>
		<subfield code="c">1</subfield>
		<subfield code="i">30000027215536</subfield>
		<subfield code="d">10/16/2008</subfield>
		<subfield code="e">8/26/2008</subfield>
		<subfield code="l">_RCSTACKS</subfield>
		<subfield code="m">B-WELLS</subfield>
		<subfield code="q">1</subfield>
		<subfield code="r">Y</subfield>
		<subfield code="s">Y</subfield>
		<subfield code="t">NORMAL</subfield>
		<subfield code="u">11/5/2000</subfield>
	  </datafield>
	</record>