
	<record>
	  <leader>01619cjm a2200433   45 0</leader>
	  <controlfield tag="001">a259317</controlfield>
	  <controlfield tag="003">InU</controlfield>
	  <controlfield tag="008">800326s1962    xxumun   fhi        N/A  </controlfield>
	  <datafield tag="010" ind1=" " ind2=" ">
		<subfield code="a">r  62000660</subfield>
	  </datafield>
	  <datafield tag="028" ind1="0" ind2="0">
		<subfield code="a">P 8582</subfield>
		<subfield code="b">Capitol</subfield>
	  </datafield>
	  <datafield tag="035" ind1=" " ind2=" ">
		<subfield code="a">(InU)ACM1251BM</subfield>
	  </datafield>
	  <datafield tag="035" ind1=" " ind2=" ">
		<subfield code="a">(OCoLC)ocm06128390</subfield>
	  </datafield>
	  <controlfield tag="007">sd-bmmenn---- </controlfield>
	  <datafield tag="040" ind1=" " ind2=" ">
		<subfield code="a">DLC</subfield>
		<subfield code="c">MAN</subfield>
		<subfield code="d">MAN</subfield>
		<subfield code="d">m.c.</subfield>
		<subfield code="d">m/c</subfield>
		<subfield code="d">IUG</subfield>
	  </datafield>
	  <datafield tag="041" ind1="0" ind2=" ">
		<subfield code="g">eng</subfield>
	  </datafield>
	  <datafield tag="045" ind1=" " ind2=" ">
		<subfield code="a">v0v5</subfield>
	  </datafield>
	  <datafield tag="047" ind1=" " ind2=" ">
		<subfield code="a">ch</subfield>
		<subfield code="a">fg</subfield>
		<subfield code="a">df</subfield>
	  </datafield>
	  <datafield tag="048" ind1=" " ind2=" ">
		<subfield code="a">tb01</subfield>
		<subfield code="a">sb01</subfield>
	  </datafield>
	  <datafield tag="048" ind1=" " ind2=" ">
		<subfield code="a">tb01</subfield>
		<subfield code="a">ba01</subfield>
	  </datafield>
	  <datafield tag="049" ind1=" " ind2=" ">
		<subfield code="a">IUGA</subfield>
	  </datafield>
	  <datafield tag="100" ind1="1" ind2="0">
		<subfield code="a">Bach, Johann Sebastian,</subfield>
		<subfield code="d">1685-1750.</subfield>
	  </datafield>
	  <datafield tag="240" ind1="1" ind2="0">
		<subfield code="a">Selections;</subfield>
		<subfield code="o">arr.</subfield>
		<subfield code="h">[Sound recording]</subfield>
	  </datafield>
	  <datafield tag="245" ind1="1" ind2="4">
		<subfield code="a">The intimate Bach.</subfield>
		<subfield code="b">[Duets with Spanish guitar, v. 2]</subfield>
	  </datafield>
	  <datafield tag="262" ind1=" " ind2=" ">
		<subfield code="b">Capitol</subfield>
		<subfield code="c">P 8582.</subfield>
		<subfield code="d">[1962]</subfield>
	  </datafield>
	  <datafield tag="305" ind1=" " ind2=" ">
		<subfield code="a">1 disc.</subfield>
		<subfield code="b">33 1/3 rpm. mono.</subfield>
		<subfield code="c">12 in.</subfield>
	  </datafield>
	  <datafield tag="511" ind1="0" ind2=" ">
		<subfield code="a">Laurindo Almeida, guitar; Virginia Majewski, viola; Vincent De Rosa, horn.</subfield>
	  </datafield>
	  <datafield tag="500" ind1=" " ind2=" ">
		<subfield code="a">Durations on disc labels.</subfield>
	  </datafield>
	  <datafield tag="500" ind1=" " ind2=" ">
		<subfield code="a">Program notes by Alfred Frankenstein on container.</subfield>
	  </datafield>
	  <datafield tag="505" ind1="0" ind2=" ">
		<subfield code="a">Komm süsser Tod.--Fuga from Sonata no. 3 in c major.--Partita no. 1 in B minor: Sarabande and double; Bourrée and double.--Jesu, joy of man's desiring.--Partita no. 1 in B flat minor.</subfield>
	  </datafield>
	  <datafield tag="650" ind1=" " ind2="0">
		<subfield code="a">Guitar music, Arranged.</subfield>
	  </datafield>
	  <datafield tag="650" ind1=" " ind2="0">
		<subfield code="a">Viola and guitar music, Arranged.</subfield>
	  </datafield>
	  <datafield tag="650" ind1=" " ind2="0">
		<subfield code="a">Horn and guitar music, Arranged.</subfield>
	  </datafield>
	  <datafield tag="700" ind1="1" ind2="0">
		<subfield code="a">Almeida, Laurindo.</subfield>
		<subfield code="4">prf</subfield>
	  </datafield>
	  <datafield tag="700" ind1="1" ind2="0">
		<subfield code="a">Majewski, Virginia.</subfield>
		<subfield code="4">prf</subfield>
	  </datafield>
	  <datafield tag="700" ind1="1" ind2="0">
		<subfield code="a">De Rosa, Vincent.</subfield>
		<subfield code="4">prf</subfield>
	  </datafield>
	  <datafield tag="740" ind1="0" ind2="1">
		<subfield code="a">Duets with Spanish guitar.</subfield>
	  </datafield>
	  <datafield tag="998" ind1=" " ind2=" ">
		<subfield code="a">4/17/1992</subfield>
		<subfield code="b">4/17/1992</subfield>
		<subfield code="c">4/17/1992</subfield>
	  </datafield>
	  <datafield tag="596" ind1=" " ind2=" ">
		<subfield code="a">20</subfield>
	  </datafield>
	  <datafield tag="999" ind1=" " ind2=" ">
		<subfield code="a">LP .B118 R.1</subfield>
		<subfield code="w">ASIS</subfield>
		<subfield code="c">1</subfield>
		<subfield code="i">32000004825354</subfield>
		<subfield code="d">3/21/2007</subfield>
		<subfield code="e">3/21/2007</subfield>
		<subfield code="l">PHONORECS</subfield>
		<subfield code="m">B-MUSIC</subfield>
		<subfield code="n">4</subfield>
		<subfield code="r">Y</subfield>
		<subfield code="s">Y</subfield>
		<subfield code="t">AV</subfield>
		<subfield code="u">11/5/2000</subfield>
		<subfield code="z">LP</subfield>
	  </datafield>
	</record>