
	<record>
	  <leader>01341cjm a2200361   45 0</leader>
	  <controlfield tag="001">a259316</controlfield>
	  <controlfield tag="003">InU</controlfield>
	  <controlfield tag="008">830801q19501959xx snn              N/A  </controlfield>
	  <datafield tag="010" ind1=" " ind2=" ">
		<subfield code="a">r  58000531</subfield>
	  </datafield>
	  <datafield tag="028" ind1="0" ind2="0">
		<subfield code="a">B 408--B 409</subfield>
		<subfield code="b">Boston Records</subfield>
	  </datafield>
	  <datafield tag="035" ind1=" " ind2=" ">
		<subfield code="a">(InU)ACM1250BM</subfield>
	  </datafield>
	  <datafield tag="035" ind1=" " ind2=" ">
		<subfield code="a">(OCoLC)ocm09765770</subfield>
	  </datafield>
	  <controlfield tag="007">sd-bmmenn---- </controlfield>
	  <datafield tag="040" ind1=" " ind2=" ">
		<subfield code="a">DLC</subfield>
		<subfield code="c">BOS</subfield>
		<subfield code="d">BOS</subfield>
		<subfield code="d">m/c</subfield>
		<subfield code="d">OCL</subfield>
		<subfield code="d">IUG</subfield>
	  </datafield>
	  <datafield tag="048" ind1=" " ind2=" ">
		<subfield code="a">wa01</subfield>
		<subfield code="a">kc01</subfield>
	  </datafield>
	  <datafield tag="048" ind1=" " ind2=" ">
		<subfield code="a">wa01</subfield>
	  </datafield>
	  <datafield tag="049" ind1=" " ind2=" ">
		<subfield code="a">IUGA</subfield>
	  </datafield>
	  <datafield tag="100" ind1="1" ind2="0">
		<subfield code="a">Bach, Johann Sebastian,</subfield>
		<subfield code="d">1685-1750.</subfield>
	  </datafield>
	  <datafield tag="240" ind1="1" ind2="0">
		<subfield code="a">Chamber music.</subfield>
		<subfield code="k">Selections</subfield>
		<subfield code="h">[Sound recording]</subfield>
	  </datafield>
	  <datafield tag="245" ind1="0" ind2="0">
		<subfield code="a">Complete works for flute &amp; harpsichord.</subfield>
	  </datafield>
	  <datafield tag="262" ind1=" " ind2=" ">
		<subfield code="b">Boston Records</subfield>
		<subfield code="c">B 408-409.</subfield>
		<subfield code="d">[195-]</subfield>
	  </datafield>
	  <datafield tag="305" ind1=" " ind2=" ">
		<subfield code="a">2 discs.</subfield>
		<subfield code="b">33 1/3 rpm.</subfield>
		<subfield code="c">12 in.</subfield>
	  </datafield>
	  <datafield tag="511" ind1="0" ind2=" ">
		<subfield code="a">Phillip Kaplan, flute; Melville Smith, harpsichord.</subfield>
	  </datafield>
	  <datafield tag="500" ind1=" " ind2=" ">
		<subfield code="a">Manual sequence.</subfield>
	  </datafield>
	  <datafield tag="500" ind1=" " ind2=" ">
		<subfield code="a">Program notes on container.</subfield>
	  </datafield>
	  <datafield tag="505" ind1="0" ind2=" ">
		<subfield code="a">Sonatas for flute and harpsichord, no. 1-3.--Sonata for flute and harpsichord, G minor.--Sonatas for flute and continuo, no. 4-6.--Sonata for flute unacc., A minor.</subfield>
	  </datafield>
	  <datafield tag="650" ind1=" " ind2="0">
		<subfield code="a">Sonatas (Flute and harpsichord)</subfield>
	  </datafield>
	  <datafield tag="650" ind1=" " ind2="0">
		<subfield code="a">Sonatas (Flute)</subfield>
	  </datafield>
	  <datafield tag="700" ind1="1" ind2="0">
		<subfield code="a">Kaplan, Phillip.</subfield>
		<subfield code="4">prf</subfield>
	  </datafield>
	  <datafield tag="700" ind1="1" ind2="0">
		<subfield code="a">Smith, Melville,</subfield>
		<subfield code="d">1898-1962.</subfield>
		<subfield code="4">prf</subfield>
	  </datafield>
	  <datafield tag="998" ind1=" " ind2=" ">
		<subfield code="a">4/17/1992</subfield>
		<subfield code="b">4/17/1992</subfield>
		<subfield code="c">4/17/1992</subfield>
	  </datafield>
	  <datafield tag="596" ind1=" " ind2=" ">
		<subfield code="a">20</subfield>
	  </datafield>
	  <datafield tag="999" ind1=" " ind2=" ">
		<subfield code="a">LP .B118 W1-6</subfield>
		<subfield code="w">ASIS</subfield>
		<subfield code="c">1</subfield>
		<subfield code="i">30000041449293</subfield>
		<subfield code="d">12/16/1997</subfield>
		<subfield code="j">2</subfield>
		<subfield code="l">PHONORECS</subfield>
		<subfield code="m">B-MUSIC</subfield>
		<subfield code="q">1</subfield>
		<subfield code="r">Y</subfield>
		<subfield code="s">Y</subfield>
		<subfield code="t">AV</subfield>
		<subfield code="u">11/5/2000</subfield>
		<subfield code="z">LP</subfield>
	  </datafield>
	</record>