
	<record>
	  <leader>01418cjm a2200373 a 45 0</leader>
	  <controlfield tag="001">a259315</controlfield>
	  <controlfield tag="003">InU</controlfield>
	  <controlfield tag="008">800128s1951    nyuzzn   hi         N/A d</controlfield>
	  <datafield tag="028" ind1="0" ind2="2">
		<subfield code="a">WL 5063</subfield>
		<subfield code="b">Westminster</subfield>
	  </datafield>
	  <datafield tag="035" ind1=" " ind2=" ">
		<subfield code="a">(InU)ACM1249BM</subfield>
	  </datafield>
	  <datafield tag="033" ind1=" " ind2=" ">
		<subfield code="b">6490</subfield>
	  </datafield>
	  <datafield tag="035" ind1=" " ind2=" ">
		<subfield code="a">(OCoLC)ocm05917508</subfield>
	  </datafield>
	  <controlfield tag="007">sd-bumenn---- </controlfield>
	  <datafield tag="040" ind1=" " ind2=" ">
		<subfield code="a">CFL</subfield>
		<subfield code="c">CFL</subfield>
		<subfield code="d">SER</subfield>
		<subfield code="d">OCL</subfield>
		<subfield code="d">SNN</subfield>
		<subfield code="d">IUG</subfield>
	  </datafield>
	  <datafield tag="041" ind1="0" ind2=" ">
		<subfield code="g">eng</subfield>
	  </datafield>
	  <datafield tag="045" ind1="2" ind2=" ">
		<subfield code="b">d1858</subfield>
		<subfield code="b">d1860</subfield>
	  </datafield>
	  <datafield tag="048" ind1=" " ind2=" ">
		<subfield code="a">sa02</subfield>
		<subfield code="a">sb02</subfield>
		<subfield code="a">sc02</subfield>
	  </datafield>
	  <datafield tag="049" ind1=" " ind2=" ">
		<subfield code="a">IUGA</subfield>
	  </datafield>
	  <datafield tag="100" ind1="1" ind2="0">
		<subfield code="a">Brahms, Johannes,</subfield>
		<subfield code="d">1833-1897.</subfield>
	  </datafield>
	  <datafield tag="240" ind1="1" ind2="0">
		<subfield code="a">Sextets,</subfield>
		<subfield code="m">violins, violas, violoncellos,</subfield>
		<subfield code="n">no. 1, op. 18,</subfield>
		<subfield code="r"> B♭ major</subfield>
	  </datafield>
	  <datafield tag="245" ind1="0" ind2="0">
		<subfield code="a">Sextet, B flat major, op. 18</subfield>
		<subfield code="h">[sound recording] /</subfield>
		<subfield code="c">Brahms.</subfield>
	  </datafield>
	  <datafield tag="260" ind1="0" ind2=" ">
		<subfield code="a">New York, NY :</subfield>
		<subfield code="b">Westminster,</subfield>
		<subfield code="c">[1951]</subfield>
	  </datafield>
	  <datafield tag="300" ind1=" " ind2=" ">
		<subfield code="a">1 sound disc :</subfield>
		<subfield code="b">analog, 33 1/3 rpm ;</subfield>
		<subfield code="c">12 in.</subfield>
	  </datafield>
	  <datafield tag="511" ind1="0" ind2=" ">
		<subfield code="a">Vienna Konzerthaus Quartet ; Ferdinand Stangler, 2nd viola ; Guenther Weiss, 2nd violoncello.</subfield>
	  </datafield>
	  <datafield tag="518" ind1=" " ind2=" ">
		<subfield code="a">Recorded in Austria.</subfield>
	  </datafield>
	  <datafield tag="500" ind1=" " ind2=" ">
		<subfield code="a">Program notes by Paul Affelder on container.</subfield>
	  </datafield>
	  <datafield tag="650" ind1=" " ind2="0">
		<subfield code="a">String sextets (Violins (2), violas (2), violoncellos (2))</subfield>
	  </datafield>
	  <datafield tag="700" ind1="1" ind2="0">
		<subfield code="a">Stangler, Ferdinand.</subfield>
		<subfield code="4">itr</subfield>
	  </datafield>
	  <datafield tag="700" ind1="1" ind2="0">
		<subfield code="a">Weiss, Günther.</subfield>
		<subfield code="4">itr</subfield>
	  </datafield>
	  <datafield tag="710" ind1="2" ind2="0">
		<subfield code="a">Wiener Konzerthausquartett.</subfield>
		<subfield code="4">prf</subfield>
	  </datafield>
	  <datafield tag="998" ind1=" " ind2=" ">
		<subfield code="a">4/17/1992</subfield>
		<subfield code="b">4/17/1992</subfield>
		<subfield code="c">4/17/1992</subfield>
	  </datafield>
	  <datafield tag="596" ind1=" " ind2=" ">
		<subfield code="a">20</subfield>
	  </datafield>
	  <datafield tag="999" ind1=" " ind2=" ">
		<subfield code="a">LP .B813 C6S.18</subfield>
		<subfield code="w">ASIS</subfield>
		<subfield code="c">1</subfield>
		<subfield code="i">30000036065351</subfield>
		<subfield code="l">PHONORECS</subfield>
		<subfield code="m">B-MUSIC</subfield>
		<subfield code="r">Y</subfield>
		<subfield code="s">Y</subfield>
		<subfield code="t">AV</subfield>
		<subfield code="u">11/5/2000</subfield>
		<subfield code="z">LP</subfield>
	  </datafield>
	  <datafield tag="999" ind1=" " ind2=" ">
		<subfield code="a">LP .B813 C6S.18</subfield>
		<subfield code="w">ASIS</subfield>
		<subfield code="c">2</subfield>
		<subfield code="i">32000001059833</subfield>
		<subfield code="l">PHONORECS</subfield>
		<subfield code="m">B-MUSIC</subfield>
		<subfield code="r">Y</subfield>
		<subfield code="s">Y</subfield>
		<subfield code="t">AV</subfield>
		<subfield code="u">11/5/2000</subfield>
		<subfield code="z">LP</subfield>
	  </datafield>
	</record>