
	<record>
	  <leader>02990cam a22005411  45 0</leader>
	  <controlfield tag="001">a259263</controlfield>
	  <controlfield tag="003">InU</controlfield>
	  <controlfield tag="008">700901s1968    nyu      b    000 0aeng  </controlfield>
	  <datafield tag="010" ind1=" " ind2=" ">
		<subfield code="a">   68012684 //r904</subfield>
	  </datafield>
	  <datafield tag="019" ind1=" " ind2=" ">
		<subfield code="a">17572089</subfield>
	  </datafield>
	  <datafield tag="035" ind1=" " ind2=" ">
		<subfield code="a">(InU)ACM1182BB</subfield>
	  </datafield>
	  <datafield tag="035" ind1=" " ind2=" ">
		<subfield code="a">149189IP</subfield>
	  </datafield>
	  <datafield tag="035" ind1=" " ind2=" ">
		<subfield code="a">(OCoLC)ocm00342918</subfield>
	  </datafield>
	  <datafield tag="040" ind1=" " ind2=" ">
		<subfield code="a">DLC</subfield>
		<subfield code="c">DLC</subfield>
		<subfield code="d">m.c.</subfield>
		<subfield code="d">IUL</subfield>
	  </datafield>
	  <datafield tag="041" ind1="1" ind2=" ">
		<subfield code="a">engrus</subfield>
	  </datafield>
	  <datafield tag="043" ind1=" " ind2=" ">
		<subfield code="a">e-ur---</subfield>
	  </datafield>
	  <datafield tag="049" ind1=" " ind2=" ">
		<subfield code="a">IULA</subfield>
	  </datafield>
	  <datafield tag="050" ind1="0" ind2="0">
		<subfield code="a">DK209.6.H4</subfield>
		<subfield code="b">A33 1968</subfield>
	  </datafield>
	  <datafield tag="082" ind1="0" ind2="0">
		<subfield code="a">947/.07/0924</subfield>
		<subfield code="a">B</subfield>
	  </datafield>
	  <datafield tag="100" ind1="1" ind2="0">
		<subfield code="a">Herzen, Aleksandr,</subfield>
		<subfield code="d">1812-1870.</subfield>
	  </datafield>
	  <datafield tag="240" ind1="1" ind2="0">
		<subfield code="a">Byloe i dumy.</subfield>
		<subfield code="l">English</subfield>
	  </datafield>
	  <datafield tag="245" ind1="1" ind2="0">
		<subfield code="a">My past and thoughts;</subfield>
		<subfield code="b">the memoirs of Alexander Herzen.</subfield>
		<subfield code="c">Translated by Constance Garnett. Rev. by Humphrey Higgens. With an introd. by Isaiah Berlin.</subfield>
	  </datafield>
	  <datafield tag="260" ind1="0" ind2=" ">
		<subfield code="a">New York,</subfield>
		<subfield code="b">Knopf,</subfield>
		<subfield code="c">1968.</subfield>
	  </datafield>
	  <datafield tag="300" ind1=" " ind2=" ">
		<subfield code="a">4 v. (xlvi, 1908 p.)</subfield>
		<subfield code="c">23 cm.</subfield>
	  </datafield>
	  <datafield tag="500" ind1=" " ind2=" ">
		<subfield code="a">Translation of Byloe i dumy.</subfield>
	  </datafield>
	  <datafield tag="500" ind1=" " ind2=" ">
		<subfield code="a">A revision of the translation first published 1924-27.</subfield>
	  </datafield>
	  <datafield tag="504" ind1=" " ind2=" ">
		<subfield code="a">Bibliographical footnotes.</subfield>
	  </datafield>
	  <datafield tag="600" ind1="1" ind2="0">
		<subfield code="a">Herzen, Aleksandr,</subfield>
		<subfield code="d">1812-1870.</subfield>
	  </datafield>
	  <datafield tag="600" ind1="1" ind2="0">
		<subfield code="a">Herzen, Aleksandr,</subfield>
		<subfield code="d">1812-1870.</subfield>
	  </datafield>
	  <datafield tag="650" ind1=" " ind2="0">
		<subfield code="a">Revolutionaries</subfield>
		<subfield code="z">Soviet Union</subfield>
		<subfield code="x">Biography.</subfield>
	  </datafield>
	  <datafield tag="650" ind1=" " ind2="0">
		<subfield code="a">Socialists</subfield>
		<subfield code="z">Soviet Union</subfield>
		<subfield code="x">Biography.</subfield>
	  </datafield>
	  <datafield tag="650" ind1=" " ind2="0">
		<subfield code="a">Authors, Russian</subfield>
		<subfield code="x">Biography.</subfield>
	  </datafield>
	  <datafield tag="700" ind1="1" ind2="1">
		<subfield code="a">Garnett, Constance,</subfield>
		<subfield code="d">1861-1946</subfield>
		<subfield code="e">tr.</subfield>
	  </datafield>
	  <datafield tag="700" ind1="1" ind2="0">
		<subfield code="a">Higgens, Humphrey.</subfield>
	  </datafield>
	  <datafield tag="998" ind1=" " ind2=" ">
		<subfield code="a">4/17/1992</subfield>
		<subfield code="b">2/11/1999</subfield>
		<subfield code="c">4/17/1992</subfield>
	  </datafield>
	  <datafield tag="596" ind1=" " ind2=" ">
		<subfield code="a">1 42</subfield>
	  </datafield>
	  <datafield tag="999" ind1=" " ind2=" ">
		<subfield code="a">DK209.6.H5 A33 1968 v.1</subfield>
		<subfield code="w">LC</subfield>
		<subfield code="c">1</subfield>
		<subfield code="i">259263-2001</subfield>
		<subfield code="l">_RCSTACKS</subfield>
		<subfield code="m">B-WELLS</subfield>
		<subfield code="r">Y</subfield>
		<subfield code="s">Y</subfield>
		<subfield code="t">NORMAL</subfield>
		<subfield code="u">11/5/2000</subfield>
	  </datafield>
	  <datafield tag="999" ind1=" " ind2=" ">
		<subfield code="a">DK209.6.H5 A33 1968 v.1</subfield>
		<subfield code="w">LC</subfield>
		<subfield code="c">2</subfield>
		<subfield code="i">30000007600186</subfield>
		<subfield code="d">6/19/2008</subfield>
		<subfield code="l">_UGLIB</subfield>
		<subfield code="m">B-WELLS</subfield>
		<subfield code="n">27</subfield>
		<subfield code="q">4</subfield>
		<subfield code="r">Y</subfield>
		<subfield code="s">Y</subfield>
		<subfield code="t">DAY14</subfield>
		<subfield code="u">11/5/2000</subfield>
		<subfield code="o">.STAFF.  B-MAIN/_UGLIB</subfield>
	  </datafield>
	  <datafield tag="999" ind1=" " ind2=" ">
		<subfield code="a">DK209.6.H5 A33 1968 v.3</subfield>
		<subfield code="w">LC</subfield>
		<subfield code="c">1</subfield>
		<subfield code="i">30000007600202</subfield>
		<subfield code="d">10/16/2009</subfield>
		<subfield code="e">10/1/2009</subfield>
		<subfield code="l">_RCSTACKS</subfield>
		<subfield code="m">B-WELLS</subfield>
		<subfield code="n">4</subfield>
		<subfield code="q">1</subfield>
		<subfield code="r">Y</subfield>
		<subfield code="s">Y</subfield>
		<subfield code="t">NORMAL</subfield>
		<subfield code="u">11/5/2000</subfield>
		<subfield code="o">.STAFF.  B-MAIN/_RCSTACKS</subfield>
	  </datafield>
	  <datafield tag="999" ind1=" " ind2=" ">
		<subfield code="a">DK209.6.H5 A33 1968 v.3</subfield>
		<subfield code="w">LC</subfield>
		<subfield code="c">2</subfield>
		<subfield code="i">30000011502725</subfield>
		<subfield code="d">6/19/2008</subfield>
		<subfield code="l">_UGLIB</subfield>
		<subfield code="m">B-WELLS</subfield>
		<subfield code="n">1</subfield>
		<subfield code="q">1</subfield>
		<subfield code="r">Y</subfield>
		<subfield code="s">Y</subfield>
		<subfield code="t">DAY14</subfield>
		<subfield code="u">11/5/2000</subfield>
		<subfield code="o">.STAFF.  B-MAIN/_UGLIB</subfield>
	  </datafield>
	  <datafield tag="999" ind1=" " ind2=" ">
		<subfield code="a">DK209.6.H5 A33 1968 v.4</subfield>
		<subfield code="w">LC</subfield>
		<subfield code="c">1</subfield>
		<subfield code="i">30000007600210</subfield>
		<subfield code="d">9/4/2009</subfield>
		<subfield code="e">8/9/2009</subfield>
		<subfield code="l">_RCSTACKS</subfield>
		<subfield code="m">B-WELLS</subfield>
		<subfield code="n">1</subfield>
		<subfield code="q">1</subfield>
		<subfield code="r">Y</subfield>
		<subfield code="s">Y</subfield>
		<subfield code="t">NORMAL</subfield>
		<subfield code="u">11/5/2000</subfield>
		<subfield code="o">.STAFF.  B-MAIN/_RCSTACKS</subfield>
	  </datafield>
	  <datafield tag="999" ind1=" " ind2=" ">
		<subfield code="a">DK209.6.H5 A33 1968 v.4</subfield>
		<subfield code="w">LC</subfield>
		<subfield code="c">2</subfield>
		<subfield code="i">30000011502790</subfield>
		<subfield code="d">6/19/2008</subfield>
		<subfield code="l">_UGLIB</subfield>
		<subfield code="m">B-WELLS</subfield>
		<subfield code="n">2</subfield>
		<subfield code="q">1</subfield>
		<subfield code="r">Y</subfield>
		<subfield code="s">Y</subfield>
		<subfield code="t">DAY14</subfield>
		<subfield code="u">11/5/2000</subfield>
		<subfield code="o">.STAFF.  B-MAIN/_UGLIB</subfield>
	  </datafield>
	  <datafield tag="999" ind1=" " ind2=" ">
		<subfield code="a">DK209.6.H5 A33 1968 v.2</subfield>
		<subfield code="w">LC</subfield>
		<subfield code="c">1</subfield>
		<subfield code="i">259263-5001</subfield>
		<subfield code="l">_RCSTACKS</subfield>
		<subfield code="m">B-WELLS</subfield>
		<subfield code="r">Y</subfield>
		<subfield code="s">Y</subfield>
		<subfield code="t">NORMAL</subfield>
		<subfield code="u">11/5/2000</subfield>
	  </datafield>
	  <datafield tag="999" ind1=" " ind2=" ">
		<subfield code="a">DK209.6.H5 A33 1968 v.2</subfield>
		<subfield code="w">LC</subfield>
		<subfield code="c">2</subfield>
		<subfield code="i">30000007600194</subfield>
		<subfield code="d">6/19/2008</subfield>
		<subfield code="l">_UGLIB</subfield>
		<subfield code="m">B-WELLS</subfield>
		<subfield code="n">2</subfield>
		<subfield code="q">1</subfield>
		<subfield code="r">Y</subfield>
		<subfield code="s">Y</subfield>
		<subfield code="t">DAY14</subfield>
		<subfield code="u">11/5/2000</subfield>
		<subfield code="o">.STAFF.  B-MAIN/_UGLIB</subfield>
	  </datafield>
	  <datafield tag="999" ind1=" " ind2=" ">
		<subfield code="a">DK209.6.H4 A33 1968 v.1</subfield>
		<subfield code="w">LC</subfield>
		<subfield code="c">1</subfield>
		<subfield code="i">30000011991654</subfield>
		<subfield code="d">6/12/2001</subfield>
		<subfield code="e">4/13/2001</subfield>
		<subfield code="l">STACKS</subfield>
		<subfield code="m">I-UNIVLIB</subfield>
		<subfield code="n">4</subfield>
		<subfield code="r">Y</subfield>
		<subfield code="s">Y</subfield>
		<subfield code="t">NORMAL</subfield>
		<subfield code="u">11/15/2000</subfield>
	  </datafield>
	  <datafield tag="999" ind1=" " ind2=" ">
		<subfield code="a">DK209.6.H4 A33 1968 v.2</subfield>
		<subfield code="w">LC</subfield>
		<subfield code="c">1</subfield>
		<subfield code="i">30000041738430</subfield>
		<subfield code="d">4/27/2001</subfield>
		<subfield code="e">4/13/2001</subfield>
		<subfield code="l">STACKS</subfield>
		<subfield code="m">I-UNIVLIB</subfield>
		<subfield code="n">2</subfield>
		<subfield code="r">Y</subfield>
		<subfield code="s">Y</subfield>
		<subfield code="t">NORMAL</subfield>
		<subfield code="u">11/15/2000</subfield>
	  </datafield>
	  <datafield tag="999" ind1=" " ind2=" ">
		<subfield code="a">DK209.6.H4 A33 1968 v.3</subfield>
		<subfield code="w">LC</subfield>
		<subfield code="c">1</subfield>
		<subfield code="i">30000041738422</subfield>
		<subfield code="d">4/27/2001</subfield>
		<subfield code="e">4/13/2001</subfield>
		<subfield code="l">STACKS</subfield>
		<subfield code="m">I-UNIVLIB</subfield>
		<subfield code="n">2</subfield>
		<subfield code="r">Y</subfield>
		<subfield code="s">Y</subfield>
		<subfield code="t">NORMAL</subfield>
		<subfield code="u">11/15/2000</subfield>
	  </datafield>
	  <datafield tag="999" ind1=" " ind2=" ">
		<subfield code="a">DK209.6.H4 A33 1968 v.4</subfield>
		<subfield code="w">LC</subfield>
		<subfield code="c">1</subfield>
		<subfield code="i">30000041738414</subfield>
		<subfield code="d">4/27/2001</subfield>
		<subfield code="e">4/13/2001</subfield>
		<subfield code="l">STACKS</subfield>
		<subfield code="m">I-UNIVLIB</subfield>
		<subfield code="n">2</subfield>
		<subfield code="r">Y</subfield>
		<subfield code="s">Y</subfield>
		<subfield code="t">NORMAL</subfield>
		<subfield code="u">11/15/2000</subfield>
	  </datafield>
	</record>