
	<record>
	  <leader>01529cjm a2200397   45 0</leader>
	  <controlfield tag="001">a259188</controlfield>
	  <controlfield tag="003">InU</controlfield>
	  <controlfield tag="008">800430s1960    nyucon   af         N/A d</controlfield>
	  <datafield tag="019" ind1=" " ind2=" ">
		<subfield code="a">06175509</subfield>
		<subfield code="a">13833901</subfield>
	  </datafield>
	  <datafield tag="028" ind1="0" ind2="0">
		<subfield code="a">LM 2466</subfield>
		<subfield code="b">RCA Victor</subfield>
	  </datafield>
	  <datafield tag="035" ind1=" " ind2=" ">
		<subfield code="a">(InU)ACM1041BM</subfield>
	  </datafield>
	  <datafield tag="035" ind1=" " ind2=" ">
		<subfield code="a">(OCoLC)ocm06265068</subfield>
	  </datafield>
	  <controlfield tag="007">sd-bmmenn---- </controlfield>
	  <datafield tag="040" ind1=" " ind2=" ">
		<subfield code="a">KSU</subfield>
		<subfield code="c">KSU</subfield>
		<subfield code="d">m.c.</subfield>
		<subfield code="d">SER</subfield>
		<subfield code="d">OCL</subfield>
		<subfield code="d">m/c</subfield>
		<subfield code="d">IUG</subfield>
	  </datafield>
	  <datafield tag="041" ind1="0" ind2=" ">
		<subfield code="g">eng</subfield>
	  </datafield>
	  <datafield tag="045" ind1=" " ind2=" ">
		<subfield code="a">w8w8</subfield>
	  </datafield>
	  <datafield tag="048" ind1=" " ind2=" ">
		<subfield code="b">ka01</subfield>
		<subfield code="a">oa</subfield>
	  </datafield>
	  <datafield tag="049" ind1=" " ind2=" ">
		<subfield code="a">IUGA</subfield>
	  </datafield>
	  <datafield tag="100" ind1="1" ind2="0">
		<subfield code="a">Brahms, Johannes,</subfield>
		<subfield code="d">1833-1897.</subfield>
	  </datafield>
	  <datafield tag="240" ind1="1" ind2="0">
		<subfield code="a">Concertos,</subfield>
		<subfield code="m">piano, orchestra,</subfield>
		<subfield code="n">no. 2, op. 83,</subfield>
		<subfield code="r">B♭ major</subfield>
		<subfield code="h"> [Sound recording]</subfield>
	  </datafield>
	  <datafield tag="245" ind1="0" ind2="0">
		<subfield code="a">Concerto no. 2,</subfield>
		<subfield code="b">in B-flat, op. 83.</subfield>
	  </datafield>
	  <datafield tag="262" ind1=" " ind2=" ">
		<subfield code="b">RCA Victor</subfield>
		<subfield code="c">LM 2466.</subfield>
		<subfield code="d">[1960]</subfield>
	  </datafield>
	  <datafield tag="305" ind1=" " ind2=" ">
		<subfield code="a">1 disc.</subfield>
		<subfield code="b">33 1/3 rpm. mono.</subfield>
		<subfield code="c">12 in.</subfield>
	  </datafield>
	  <datafield tag="306" ind1=" " ind2=" ">
		<subfield code="a">004611</subfield>
	  </datafield>
	  <datafield tag="511" ind1="0" ind2=" ">
		<subfield code="a">Svi͡atoslav Richter, piano; Chicago Symphony Orchestra; Erich Leinsdorf, conductor.</subfield>
	  </datafield>
	  <datafield tag="500" ind1=" " ind2=" ">
		<subfield code="a">Duration: 46 min., 11 sec.</subfield>
	  </datafield>
	  <datafield tag="500" ind1=" " ind2=" ">
		<subfield code="a">Program notes by Claudia Cassidy on container.</subfield>
	  </datafield>
	  <datafield tag="650" ind1=" " ind2="0">
		<subfield code="a">Concertos (Piano)</subfield>
	  </datafield>
	  <datafield tag="700" ind1="1" ind2="0">
		<subfield code="a">Richter, Sviatoslav,</subfield>
		<subfield code="d">1915-1997.</subfield>
		<subfield code="4">prf</subfield>
	  </datafield>
	  <datafield tag="700" ind1="1" ind2="0">
		<subfield code="a">Leinsdorf, Erich,</subfield>
		<subfield code="d">1912-1993.</subfield>
		<subfield code="4">prf</subfield>
	  </datafield>
	  <datafield tag="710" ind1="2" ind2="0">
		<subfield code="a">Chicago Symphony Orchestra</subfield>
		<subfield code="4">prf</subfield>
	  </datafield>
	  <datafield tag="998" ind1=" " ind2=" ">
		<subfield code="a">4/17/1992</subfield>
		<subfield code="b">4/17/1992</subfield>
		<subfield code="c">4/17/1992</subfield>
	  </datafield>
	  <datafield tag="596" ind1=" " ind2=" ">
		<subfield code="a">20</subfield>
	  </datafield>
	  <datafield tag="999" ind1=" " ind2=" ">
		<subfield code="a">LP .B813 G4K1.2-12</subfield>
		<subfield code="w">ASIS</subfield>
		<subfield code="c">1</subfield>
		<subfield code="i">30000002562092</subfield>
		<subfield code="d">2/27/2002</subfield>
		<subfield code="e">2/27/2002</subfield>
		<subfield code="l">PHONORECS</subfield>
		<subfield code="m">B-MUSIC</subfield>
		<subfield code="n">3</subfield>
		<subfield code="r">Y</subfield>
		<subfield code="s">Y</subfield>
		<subfield code="t">AV</subfield>
		<subfield code="u">11/5/2000</subfield>
		<subfield code="z">LP</subfield>
	  </datafield>
	  <datafield tag="999" ind1=" " ind2=" ">
		<subfield code="a">LP .B813 G4K1.2-12</subfield>
		<subfield code="w">ASIS</subfield>
		<subfield code="c">2</subfield>
		<subfield code="i">30000041448048</subfield>
		<subfield code="l">PHONORECS</subfield>
		<subfield code="m">B-MUSIC</subfield>
		<subfield code="r">Y</subfield>
		<subfield code="s">Y</subfield>
		<subfield code="t">AV</subfield>
		<subfield code="u">11/5/2000</subfield>
		<subfield code="z">LP</subfield>
	  </datafield>
	  <datafield tag="999" ind1=" " ind2=" ">
		<subfield code="a">LP .B813 G4K1.2-12</subfield>
		<subfield code="w">ASIS</subfield>
		<subfield code="c">3</subfield>
		<subfield code="i">30000041448055</subfield>
		<subfield code="l">PHONORECS</subfield>
		<subfield code="m">B-MUSIC</subfield>
		<subfield code="r">Y</subfield>
		<subfield code="s">Y</subfield>
		<subfield code="t">AV</subfield>
		<subfield code="u">11/5/2000</subfield>
		<subfield code="z">LP</subfield>
	  </datafield>
	</record>