
	<record>
	  <leader>00886cam a2200277 a 45 0</leader>
	  <controlfield tag="001">a259151</controlfield>
	  <controlfield tag="003">InU</controlfield>
	  <controlfield tag="008">910315s1990    ja af         000 0 jpn  </controlfield>
	  <datafield tag="010" ind1=" " ind2=" ">
		<subfield code="a">   91127035 /AJ</subfield>
	  </datafield>
	  <datafield tag="020" ind1=" " ind2=" ">
		<subfield code="a">4870884232 :</subfield>
		<subfield code="c">Y2718</subfield>
	  </datafield>
	  <datafield tag="035" ind1=" " ind2=" ">
		<subfield code="a">(InU)ACM0983BB</subfield>
	  </datafield>
	  <datafield tag="035" ind1=" " ind2=" ">
		<subfield code="a">(OCoLC)ocm22847239</subfield>
	  </datafield>
	  <datafield tag="040" ind1=" " ind2=" ">
		<subfield code="a">DLC</subfield>
		<subfield code="c">DLC</subfield>
	  </datafield>
	  <datafield tag="049" ind1=" " ind2=" ">
		<subfield code="a">IULA</subfield>
	  </datafield>
	  <datafield tag="050" ind1="0" ind2=" ">
		<subfield code="a">PL809.S5</subfield>
		<subfield code="b">Z8715 1990</subfield>
	  </datafield>
	  <datafield tag="100" ind1="1" ind2="0">
		<subfield code="a">Shimizu, Unosuke.</subfield>
	  </datafield>
	  <datafield tag="245" ind1="1" ind2="0">
		<subfield code="a">Ishikawa Takuboku :</subfield>
		<subfield code="b">ai to roman to kakumei to /</subfield>
		<subfield code="c">Shimizu Unosuke.</subfield>
	  </datafield>
	  <datafield tag="250" ind1=" " ind2=" ">
		<subfield code="a">Shohan.</subfield>
	  </datafield>
	  <datafield tag="260" ind1="0" ind2=" ">
		<subfield code="a">Ōsaka-shi :</subfield>
		<subfield code="b">Izumi Shoin,</subfield>
		<subfield code="c">1990.</subfield>
	  </datafield>
	  <datafield tag="300" ind1=" " ind2=" ">
		<subfield code="a">241 p., [2] p. of plates :</subfield>
		<subfield code="b">ill. ;</subfield>
		<subfield code="c">20 cm.</subfield>
	  </datafield>
	  <datafield tag="490" ind1="0" ind2=" ">
		<subfield code="a">Izumi sensho ;</subfield>
		<subfield code="v">53</subfield>
	  </datafield>
	  <datafield tag="591" ind1=" " ind2=" ">
		<subfield code="a"></subfield>
	  </datafield>
	  <datafield tag="600" ind1="1" ind2="0">
		<subfield code="a">Ishikawa, Takuboku,</subfield>
		<subfield code="d">1885-1912</subfield>
		<subfield code="x">Criticism and interpretation.</subfield>
	  </datafield>
	  <datafield tag="998" ind1=" " ind2=" ">
		<subfield code="a">4/17/1992</subfield>
		<subfield code="b">4/17/1992</subfield>
		<subfield code="c">4/17/1992</subfield>
	  </datafield>
	  <datafield tag="596" ind1=" " ind2=" ">
		<subfield code="a">5</subfield>
	  </datafield>
	  <datafield tag="999" ind1=" " ind2=" ">
		<subfield code="a">PL809.S5 Z8715 1990</subfield>
		<subfield code="w">LC</subfield>
		<subfield code="c">1</subfield>
		<subfield code="i">30000104622034</subfield>
		<subfield code="l">_ALF</subfield>
		<subfield code="m">B-ALF</subfield>
		<subfield code="r">Y</subfield>
		<subfield code="s">Y</subfield>
		<subfield code="t">NORMAL</subfield>
		<subfield code="u">11/5/2000</subfield>
		<subfield code="x">EASTASIAN</subfield>
	  </datafield>
	</record>