
	<record>
	  <leader>01236cam a22003258a 45 0</leader>
	  <controlfield tag="001">a258533</controlfield>
	  <controlfield tag="003">InU</controlfield>
	  <controlfield tag="008">911010s1992    nyua     b    100 0 eng  </controlfield>
	  <datafield tag="010" ind1=" " ind2=" ">
		<subfield code="a">   91039052</subfield>
	  </datafield>
	  <datafield tag="020" ind1=" " ind2=" ">
		<subfield code="a">0870783327 :</subfield>
		<subfield code="c">$10.95</subfield>
	  </datafield>
	  <datafield tag="035" ind1=" " ind2=" ">
		<subfield code="a">(InU)ACL9910BB</subfield>
	  </datafield>
	  <datafield tag="035" ind1=" " ind2=" ">
		<subfield code="a">(OCoLC)ocm24666732</subfield>
	  </datafield>
	  <datafield tag="040" ind1=" " ind2=" ">
		<subfield code="a">DLC</subfield>
		<subfield code="c">DLC</subfield>
		<subfield code="d">IAI</subfield>
		<subfield code="d">IUL</subfield>
	  </datafield>
	  <datafield tag="043" ind1=" " ind2=" ">
		<subfield code="a">n-us---</subfield>
	  </datafield>
	  <datafield tag="049" ind1=" " ind2=" ">
		<subfield code="a">IULA</subfield>
	  </datafield>
	  <datafield tag="050" ind1="0" ind2="0">
		<subfield code="a">HT123</subfield>
		<subfield code="b">.U765 1992</subfield>
	  </datafield>
	  <datafield tag="082" ind1="0" ind2="0">
		<subfield code="a">307.76/0973</subfield>
		<subfield code="2">20</subfield>
	  </datafield>
	  <datafield tag="111" ind1="2" ind2="0">
		<subfield code="a">Urban Summit</subfield>
		<subfield code="d">(1990 :</subfield>
		<subfield code="c">New York, N.Y.)</subfield>
	  </datafield>
	  <datafield tag="245" ind1="0" ind2="0">
		<subfield code="a">In the national interest :</subfield>
		<subfield code="b">the 1990 Urban Summit with related analyses, transcripts, and papers /</subfield>
		<subfield code="c">volume editors: Ronald Berkman ... [et al.].</subfield>
	  </datafield>
	  <datafield tag="260" ind1="0" ind2=" ">
		<subfield code="a">New York :</subfield>
		<subfield code="b">Twentieth Century Fund Press,</subfield>
		<subfield code="c">1992.</subfield>
	  </datafield>
	  <datafield tag="263" ind1=" " ind2=" ">
		<subfield code="a">9110</subfield>
	  </datafield>
	  <datafield tag="300" ind1=" " ind2=" ">
		<subfield code="a">vi, 104 p. :</subfield>
		<subfield code="b">ill. ;</subfield>
		<subfield code="c">23 cm.</subfield>
	  </datafield>
	  <datafield tag="504" ind1=" " ind2=" ">
		<subfield code="a">Includes bibliographical references.</subfield>
	  </datafield>
	  <datafield tag="650" ind1=" " ind2="0">
		<subfield code="a">Urban policy</subfield>
		<subfield code="z">United States</subfield>
		<subfield code="x">Congresses.</subfield>
	  </datafield>
	  <datafield tag="650" ind1=" " ind2="0">
		<subfield code="a">Cities and towns</subfield>
		<subfield code="z">United States</subfield>
		<subfield code="x">Congresses.</subfield>
	  </datafield>
	  <datafield tag="700" ind1="1" ind2="0">
		<subfield code="a">Berkman, Ronald.</subfield>
	  </datafield>
	  <datafield tag="998" ind1=" " ind2=" ">
		<subfield code="a">4/16/1992</subfield>
		<subfield code="b">4/30/1992</subfield>
		<subfield code="c">4/16/1992</subfield>
	  </datafield>
	  <datafield tag="596" ind1=" " ind2=" ">
		<subfield code="a">5 42</subfield>
	  </datafield>
	  <datafield tag="999" ind1=" " ind2=" ">
		<subfield code="a">HT123 .U765 1990</subfield>
		<subfield code="w">LC</subfield>
		<subfield code="c">1</subfield>
		<subfield code="i">30000021799618</subfield>
		<subfield code="l">STACKS</subfield>
		<subfield code="m">I-UNIVLIB</subfield>
		<subfield code="n">2</subfield>
		<subfield code="r">Y</subfield>
		<subfield code="s">Y</subfield>
		<subfield code="t">NORMAL</subfield>
		<subfield code="u">11/15/2000</subfield>
	  </datafield>
	  <datafield tag="999" ind1=" " ind2=" ">
		<subfield code="a">HT123 .U765 1992</subfield>
		<subfield code="w">LC</subfield>
		<subfield code="c">1</subfield>
		<subfield code="i">30000113408490</subfield>
		<subfield code="d">1/18/2002</subfield>
		<subfield code="e">11/12/2001</subfield>
		<subfield code="l">_ALF</subfield>
		<subfield code="m">B-ALF</subfield>
		<subfield code="n">2</subfield>
		<subfield code="r">Y</subfield>
		<subfield code="s">Y</subfield>
		<subfield code="t">NORMAL</subfield>
		<subfield code="u">11/5/2000</subfield>
	  </datafield>
	</record>