
	<record>
	  <leader>02657cam a22004458a 45 0</leader>
	  <controlfield tag="001">a258228</controlfield>
	  <controlfield tag="003">InU</controlfield>
	  <controlfield tag="008">910904s1992    coua     bs   10110 eng c</controlfield>
	  <datafield tag="010" ind1=" " ind2=" ">
		<subfield code="a">   91030506</subfield>
	  </datafield>
	  <datafield tag="020" ind1=" " ind2=" ">
		<subfield code="a">0813383919 (hb)</subfield>
	  </datafield>
	  <datafield tag="020" ind1=" " ind2=" ">
		<subfield code="a">0813383927 (pb)</subfield>
	  </datafield>
	  <datafield tag="035" ind1=" " ind2=" ">
		<subfield code="a">(InU)ACL9410BB</subfield>
	  </datafield>
	  <datafield tag="035" ind1=" " ind2=" ">
		<subfield code="a">(OCoLC)ocm24430176</subfield>
	  </datafield>
	  <datafield tag="040" ind1=" " ind2=" ">
		<subfield code="a">DNLM/DLC</subfield>
		<subfield code="c">DLC</subfield>
		<subfield code="d">IAI</subfield>
		<subfield code="d">CCH</subfield>
		<subfield code="d">IUL</subfield>
	  </datafield>
	  <datafield tag="043" ind1=" " ind2=" ">
		<subfield code="a">n-us---</subfield>
	  </datafield>
	  <datafield tag="049" ind1=" " ind2=" ">
		<subfield code="a">IULA</subfield>
	  </datafield>
	  <datafield tag="050" ind1="0" ind2="4">
		<subfield code="a">HQ796</subfield>
		<subfield code="b">.C8195 1992</subfield>
	  </datafield>
	  <datafield tag="060" ind1=" " ind2=" ">
		<subfield code="a">WS 462 C814a 1991</subfield>
	  </datafield>
	  <datafield tag="082" ind1="0" ind2="0">
		<subfield code="a">305.23/5/0973</subfield>
		<subfield code="2">20</subfield>
	  </datafield>
	  <datafield tag="111" ind1="2" ind2="0">
		<subfield code="a">Cornell University Medical College Conference on Health Policy</subfield>
		<subfield code="n">(7th :</subfield>
		<subfield code="d">1991 :</subfield>
		<subfield code="c">New York, N.Y.)</subfield>
	  </datafield>
	  <datafield tag="245" ind1="1" ind2="0">
		<subfield code="a">Adolescents at risk :</subfield>
		<subfield code="b">medical and social perspectives /</subfield>
		<subfield code="c">Cornell University Medical College Seventh Conference on Health Policy ; edited by David E. Rogers and Eli Ginzberg.</subfield>
	  </datafield>
	  <datafield tag="260" ind1="0" ind2=" ">
		<subfield code="a">Boulder :</subfield>
		<subfield code="b">Westview Press,</subfield>
		<subfield code="c">1992.</subfield>
	  </datafield>
	  <datafield tag="300" ind1=" " ind2=" ">
		<subfield code="a">viii, 168 p. :</subfield>
		<subfield code="b">ill. ;</subfield>
		<subfield code="c">24 cm.</subfield>
	  </datafield>
	  <datafield tag="504" ind1=" " ind2=" ">
		<subfield code="a">Includes bibliographical references and index.</subfield>
	  </datafield>
	  <datafield tag="505" ind1="0" ind2=" ">
		<subfield code="a">Etiologies of adolescents at risk / Jerome Kagan -- Risk behavior in adolescence : a psychosocial framework for understanding and action / Richard Jessor -- Adolescent sexuality : negative outcomes of a normative behavior / Charles E. Irwin, Jr., and Mary-Ann Shafer -- Alcohol and other drug use and abuse in adolescents / Hoover Adger, Jr. -- AIDS and adolescence : a challenge to both treatment and prevention / Stephen C. Joseph -- Not fear, nor quarantine, but science : preparation for a decade of research to advance knowledge about and control of violence in youths / Felton Earls -- Providing primary care to the adolescent / J. Emilio Carrillo -- Adolescents at risk : a summary of work in the field-programs and policies / Joy G. Dryfoos -- Adolescents at risk : new directions / David Mechanic.</subfield>
	  </datafield>
	  <datafield tag="650" ind1=" " ind2="0">
		<subfield code="a">Teenagers</subfield>
		<subfield code="z">United States</subfield>
		<subfield code="x">Congresses.</subfield>
	  </datafield>
	  <datafield tag="650" ind1=" " ind2="0">
		<subfield code="a">Teenagers with social disabilities</subfield>
		<subfield code="z">United States</subfield>
		<subfield code="x">Congresses.</subfield>
	  </datafield>
	  <datafield tag="650" ind1=" " ind2="0">
		<subfield code="a">Teenagers</subfield>
		<subfield code="x">Health and hygiene</subfield>
		<subfield code="z">United States</subfield>
		<subfield code="x">Congresses.</subfield>
	  </datafield>
	  <datafield tag="650" ind1=" " ind2="0">
		<subfield code="a">Teenagers</subfield>
		<subfield code="x">Mental health</subfield>
		<subfield code="z">United States</subfield>
		<subfield code="x">Congresses.</subfield>
	  </datafield>
	  <datafield tag="650" ind1=" " ind2="0">
		<subfield code="a">Adolescent psychology</subfield>
		<subfield code="z">United States</subfield>
		<subfield code="x">Congresses.</subfield>
	  </datafield>
	  <datafield tag="650" ind1=" " ind2="2">
		<subfield code="a">Alcoholism</subfield>
		<subfield code="x">in adolescence</subfield>
		<subfield code="x">congresses.</subfield>
	  </datafield>
	  <datafield tag="650" ind1=" " ind2="2">
		<subfield code="a">Risk Factors</subfield>
		<subfield code="x">congresses.</subfield>
	  </datafield>
	  <datafield tag="650" ind1=" " ind2="2">
		<subfield code="a">Sex Behavior</subfield>
		<subfield code="x">in adolescence</subfield>
		<subfield code="x">congresses.</subfield>
	  </datafield>
	  <datafield tag="650" ind1=" " ind2="2">
		<subfield code="a">Substance Abuse</subfield>
		<subfield code="x">in adolescence</subfield>
		<subfield code="x">congresses.</subfield>
	  </datafield>
	  <datafield tag="650" ind1=" " ind2="2">
		<subfield code="a">Violence</subfield>
		<subfield code="x">in adolescence</subfield>
		<subfield code="x">congresses.</subfield>
	  </datafield>
	  <datafield tag="700" ind1="1" ind2="0">
		<subfield code="a">Rogers, David E.</subfield>
		<subfield code="q">(David Elliott),</subfield>
		<subfield code="d">1926-</subfield>
	  </datafield>
	  <datafield tag="700" ind1="1" ind2="0">
		<subfield code="a">Ginzberg, Eli.</subfield>
		<subfield code="d">1911-</subfield>
	  </datafield>
	  <datafield tag="998" ind1=" " ind2=" ">
		<subfield code="a">4/15/1992</subfield>
		<subfield code="b">4/30/1992</subfield>
		<subfield code="c">4/15/1992</subfield>
	  </datafield>
	  <datafield tag="596" ind1=" " ind2=" ">
		<subfield code="a">1</subfield>
	  </datafield>
	  <datafield tag="999" ind1=" " ind2=" ">
		<subfield code="a">HQ796 .C8195 1992</subfield>
		<subfield code="w">LC</subfield>
		<subfield code="c">1</subfield>
		<subfield code="i">30000027231475</subfield>
		<subfield code="d">9/8/2010</subfield>
		<subfield code="e">7/27/2010</subfield>
		<subfield code="l">_RCSTACKS</subfield>
		<subfield code="m">B-WELLS</subfield>
		<subfield code="n">31</subfield>
		<subfield code="q">3</subfield>
		<subfield code="r">Y</subfield>
		<subfield code="s">Y</subfield>
		<subfield code="t">NORMAL</subfield>
		<subfield code="u">11/5/2000</subfield>
	  </datafield>
	</record>