
	<record>
	  <leader>01110cam a2200325 a 45 0</leader>
	  <controlfield tag="001">a254756</controlfield>
	  <controlfield tag="003">InU</controlfield>
	  <controlfield tag="008">900330s1988    gw            100 0 ger  </controlfield>
	  <datafield tag="010" ind1=" " ind2=" ">
		<subfield code="a">   90138023</subfield>
	  </datafield>
	  <datafield tag="020" ind1=" " ind2=" ">
		<subfield code="a">3781925412</subfield>
	  </datafield>
	  <datafield tag="035" ind1=" " ind2=" ">
		<subfield code="a">(InU)ACL3342BB</subfield>
	  </datafield>
	  <datafield tag="035" ind1=" " ind2=" ">
		<subfield code="a">(OCoLC)ocm21762484</subfield>
	  </datafield>
	  <datafield tag="040" ind1=" " ind2=" ">
		<subfield code="a">DLC</subfield>
		<subfield code="c">DLC</subfield>
		<subfield code="d">IUL</subfield>
	  </datafield>
	  <datafield tag="041" ind1="0" ind2=" ">
		<subfield code="a">ger</subfield>
		<subfield code="b">eng</subfield>
	  </datafield>
	  <datafield tag="049" ind1=" " ind2=" ">
		<subfield code="a">IULA</subfield>
	  </datafield>
	  <datafield tag="050" ind1="0" ind2="0">
		<subfield code="a">HG4523</subfield>
		<subfield code="b">.B36 1988</subfield>
	  </datafield>
	  <datafield tag="245" ind1="0" ind2="0">
		<subfield code="a">Banken und Börsen im internationalen Wettbewerb :</subfield>
		<subfield code="b">Beiträge /</subfield>
		<subfield code="c">von Michael von Brentano ... [et al.].</subfield>
	  </datafield>
	  <datafield tag="260" ind1="0" ind2=" ">
		<subfield code="a">Frankfurt am Main :</subfield>
		<subfield code="b">F. Knapp,</subfield>
		<subfield code="c">c1988.</subfield>
	  </datafield>
	  <datafield tag="300" ind1=" " ind2=" ">
		<subfield code="a">193 p. ;</subfield>
		<subfield code="c">21 cm.</subfield>
	  </datafield>
	  <datafield tag="440" ind1=" " ind2="0">
		<subfield code="a">Probleme des Kapitalmarkts.</subfield>
		<subfield code="p">Kolloquien, Beiträge ;</subfield>
		<subfield code="v">30</subfield>
	  </datafield>
	  <datafield tag="500" ind1=" " ind2=" ">
		<subfield code="a">Lectures given 1987-1988.</subfield>
	  </datafield>
	  <datafield tag="500" ind1=" " ind2=" ">
		<subfield code="a">Summaries in English.</subfield>
	  </datafield>
	  <datafield tag="650" ind1=" " ind2="0">
		<subfield code="a">Capital market</subfield>
		<subfield code="x">Congresses.</subfield>
	  </datafield>
	  <datafield tag="650" ind1=" " ind2="0">
		<subfield code="a">Banks and banking, International</subfield>
		<subfield code="x">Congresses.</subfield>
	  </datafield>
	  <datafield tag="650" ind1=" " ind2="0">
		<subfield code="a">Stock exchanges</subfield>
		<subfield code="x">Congresses.</subfield>
	  </datafield>
	  <datafield tag="650" ind1=" " ind2="0">
		<subfield code="a">Competition, International</subfield>
		<subfield code="x">Congresses.</subfield>
	  </datafield>
	  <datafield tag="700" ind1="1" ind2="0">
		<subfield code="a">Brentano, Michael von.</subfield>
	  </datafield>
	  <datafield tag="998" ind1=" " ind2=" ">
		<subfield code="a">4/7/1992</subfield>
		<subfield code="b">2/2/1995</subfield>
		<subfield code="c">4/7/1992</subfield>
	  </datafield>
	  <datafield tag="596" ind1=" " ind2=" ">
		<subfield code="a">5</subfield>
	  </datafield>
	  <datafield tag="999" ind1=" " ind2=" ">
		<subfield code="a">HG4523 .B36 1988</subfield>
		<subfield code="w">LC</subfield>
		<subfield code="c">1</subfield>
		<subfield code="i">30000106042991</subfield>
		<subfield code="l">_ALF</subfield>
		<subfield code="m">B-ALF</subfield>
		<subfield code="r">Y</subfield>
		<subfield code="s">Y</subfield>
		<subfield code="t">NORMAL</subfield>
		<subfield code="u">11/5/2000</subfield>
	  </datafield>
	</record>