
	<record>
	  <leader>01212cam a2200301 a 45 0</leader>
	  <controlfield tag="001">a254757</controlfield>
	  <controlfield tag="003">InU</controlfield>
	  <controlfield tag="008">910501s1990    gw a     b    00110 ger  </controlfield>
	  <datafield tag="010" ind1=" " ind2=" ">
		<subfield code="a">   91147960</subfield>
	  </datafield>
	  <datafield tag="020" ind1=" " ind2=" ">
		<subfield code="a">3503031243 (pbk.) :</subfield>
		<subfield code="c">DM68.00</subfield>
	  </datafield>
	  <datafield tag="035" ind1=" " ind2=" ">
		<subfield code="a">(InU)ACL3344BB</subfield>
	  </datafield>
	  <datafield tag="035" ind1=" " ind2=" ">
		<subfield code="a">(OCoLC)ocm24540453</subfield>
	  </datafield>
	  <datafield tag="040" ind1=" " ind2=" ">
		<subfield code="a">DLC</subfield>
		<subfield code="c">DLC</subfield>
		<subfield code="d">IUL</subfield>
	  </datafield>
	  <datafield tag="049" ind1=" " ind2=" ">
		<subfield code="a">IULA</subfield>
	  </datafield>
	  <datafield tag="050" ind1="0" ind2="0">
		<subfield code="a">HF5415.153</subfield>
		<subfield code="b">.H89 1990</subfield>
	  </datafield>
	  <datafield tag="100" ind1="1" ind2="0">
		<subfield code="a">Huxold, Stephan.</subfield>
	  </datafield>
	  <datafield tag="245" ind1="1" ind2="0">
		<subfield code="a">Marketingforschung und strategische Planung von Produktinnovationen :</subfield>
		<subfield code="b">ein Früherkennungsansatz /</subfield>
		<subfield code="c">von Stephan Huxold.</subfield>
	  </datafield>
	  <datafield tag="260" ind1="0" ind2=" ">
		<subfield code="a">Berlin :</subfield>
		<subfield code="b">E. Schmidt,</subfield>
		<subfield code="c">c1990.</subfield>
	  </datafield>
	  <datafield tag="300" ind1=" " ind2=" ">
		<subfield code="a">xiv, 274 p. :</subfield>
		<subfield code="b">28 ill. ;</subfield>
		<subfield code="c">25 cm.</subfield>
	  </datafield>
	  <datafield tag="440" ind1=" " ind2="0">
		<subfield code="a">Technological economics ;</subfield>
		<subfield code="v">Bd. 38</subfield>
	  </datafield>
	  <datafield tag="500" ind1=" " ind2=" ">
		<subfield code="a">Originally presented as the author's thesis (doctoral--Universität zu Köln, 1990) under the title: Aufgaben und Ansätze der Marketingforschung für die strategische Planung von Produktinnovationen.</subfield>
	  </datafield>
	  <datafield tag="504" ind1=" " ind2=" ">
		<subfield code="a">Includes bibliographical references (p. 240-269).</subfield>
	  </datafield>
	  <datafield tag="500" ind1=" " ind2=" ">
		<subfield code="a">Includes index.</subfield>
	  </datafield>
	  <datafield tag="650" ind1=" " ind2="0">
		<subfield code="a">New products</subfield>
		<subfield code="x">Management.</subfield>
	  </datafield>
	  <datafield tag="650" ind1=" " ind2="0">
		<subfield code="a">Marketing research.</subfield>
	  </datafield>
	  <datafield tag="998" ind1=" " ind2=" ">
		<subfield code="a">4/7/1992</subfield>
		<subfield code="b">4/16/1992</subfield>
		<subfield code="c">4/7/1992</subfield>
	  </datafield>
	  <datafield tag="596" ind1=" " ind2=" ">
		<subfield code="a">5</subfield>
	  </datafield>
	  <datafield tag="999" ind1=" " ind2=" ">
		<subfield code="a">HF5415.153 .H89 1990</subfield>
		<subfield code="w">LC</subfield>
		<subfield code="c">1</subfield>
		<subfield code="i">30000106612850</subfield>
		<subfield code="l">_ALF</subfield>
		<subfield code="m">B-ALF</subfield>
		<subfield code="r">Y</subfield>
		<subfield code="s">Y</subfield>
		<subfield code="t">NORMAL</subfield>
		<subfield code="u">11/5/2000</subfield>
	  </datafield>
	</record>