
	<record>
	  <leader>01102cam a22003371  45 0</leader>
	  <controlfield tag="001">a254764</controlfield>
	  <controlfield tag="003">InU</controlfield>
	  <controlfield tag="008">840827s1969    ge       b    00000 germc</controlfield>
	  <datafield tag="010" ind1=" " ind2=" ">
		<subfield code="a">   73462158 //r862</subfield>
	  </datafield>
	  <datafield tag="015" ind1=" " ind2=" ">
		<subfield code="a">GDNB69-A43-487</subfield>
	  </datafield>
	  <datafield tag="020" ind1=" " ind2=" ">
		<subfield code="c">40.00M</subfield>
	  </datafield>
	  <datafield tag="035" ind1=" " ind2=" ">
		<subfield code="a">(InU)ACL3369NW</subfield>
	  </datafield>
	  <datafield tag="035" ind1=" " ind2=" ">
		<subfield code="a">(OCoLC)ocm04225135</subfield>
	  </datafield>
	  <datafield tag="035" ind1=" " ind2=" ">
		<subfield code="a">22304</subfield>
	  </datafield>
	  <datafield tag="040" ind1=" " ind2=" ">
		<subfield code="a">DLC/ICU</subfield>
		<subfield code="c">CGU</subfield>
		<subfield code="d">m.c.</subfield>
		<subfield code="d">OCL</subfield>
	  </datafield>
	  <datafield tag="049" ind1=" " ind2=" ">
		<subfield code="a">MUNC</subfield>
	  </datafield>
	  <datafield tag="050" ind1="0" ind2=" ">
		<subfield code="a">QA322</subfield>
		<subfield code="b">.P5 1969</subfield>
	  </datafield>
	  <datafield tag="100" ind1="1" ind2="0">
		<subfield code="a">Pietsch, A.</subfield>
		<subfield code="q">(Albrecht)</subfield>
	  </datafield>
	  <datafield tag="245" ind1="1" ind2="0">
		<subfield code="a">Nukleare lokalkonvexe Räume.</subfield>
	  </datafield>
	  <datafield tag="250" ind1=" " ind2=" ">
		<subfield code="a">2., erw. Aufl.</subfield>
	  </datafield>
	  <datafield tag="260" ind1="0" ind2=" ">
		<subfield code="a">Berlin,</subfield>
		<subfield code="b">Akademie-Verl.,</subfield>
		<subfield code="c">1969.</subfield>
	  </datafield>
	  <datafield tag="300" ind1=" " ind2=" ">
		<subfield code="a">ix, 176 p.</subfield>
		<subfield code="c">24 cm.</subfield>
	  </datafield>
	  <datafield tag="440" ind1=" " ind2="0">
		<subfield code="a">Schriftenreihe der Institute für Mathematik bei der Deutschen Akademie der Wissenschaften zu Berlin.</subfield>
		<subfield code="n">Reihe A,</subfield>
		<subfield code="p">Reine Mathematik</subfield>
		<subfield code="v">Heft 1</subfield>
	  </datafield>
	  <datafield tag="504" ind1=" " ind2=" ">
		<subfield code="a">Bibliography: p. [163]-171.</subfield>
	  </datafield>
	  <datafield tag="650" ind1=" " ind2="0">
		<subfield code="a">Locally convex spaces.</subfield>
	  </datafield>
	  <datafield tag="650" ind1=" " ind2="0">
		<subfield code="a">Tensor products.</subfield>
	  </datafield>
	  <datafield tag="650" ind1=" " ind2="0">
		<subfield code="a">Linear operators.</subfield>
	  </datafield>
	  <datafield tag="650" ind1=" " ind2="0">
		<subfield code="a">Nuclear spaces (Functional analysis)</subfield>
	  </datafield>
	  <datafield tag="998" ind1=" " ind2=" ">
		<subfield code="a">4/8/1992</subfield>
		<subfield code="b">8/30/1993</subfield>
		<subfield code="c">4/8/1992</subfield>
	  </datafield>
	  <datafield tag="596" ind1=" " ind2=" ">
		<subfield code="a">44</subfield>
	  </datafield>
	  <datafield tag="999" ind1=" " ind2=" ">
		<subfield code="a">QA322 .P5 1969</subfield>
		<subfield code="w">LC</subfield>
		<subfield code="c">1</subfield>
		<subfield code="i">254764-2001</subfield>
		<subfield code="l">STACKS</subfield>
		<subfield code="m">NORTHWEST</subfield>
		<subfield code="r">Y</subfield>
		<subfield code="s">Y</subfield>
		<subfield code="t">NORMAL</subfield>
		<subfield code="u">11/5/2000</subfield>
	  </datafield>
	</record>