
	<record>
	  <leader>00959cam a2200265 a 45 0</leader>
	  <controlfield tag="001">a254778</controlfield>
	  <controlfield tag="003">InU</controlfield>
	  <controlfield tag="008">910701s1991    ne       b    00010 eng  </controlfield>
	  <datafield tag="010" ind1=" " ind2=" ">
		<subfield code="a">   91024542 //r91</subfield>
	  </datafield>
	  <datafield tag="020" ind1=" " ind2=" ">
		<subfield code="a">9004094997 (alk. paper)</subfield>
	  </datafield>
	  <datafield tag="035" ind1=" " ind2=" ">
		<subfield code="a">(InU)ACL3392BB</subfield>
	  </datafield>
	  <datafield tag="035" ind1=" " ind2=" ">
		<subfield code="a">(OCoLC)ocm24108682</subfield>
	  </datafield>
	  <datafield tag="040" ind1=" " ind2=" ">
		<subfield code="a">DLC</subfield>
		<subfield code="c">DLC</subfield>
		<subfield code="d">IUL</subfield>
	  </datafield>
	  <datafield tag="049" ind1=" " ind2=" ">
		<subfield code="a">IULA</subfield>
	  </datafield>
	  <datafield tag="050" ind1="0" ind2="0">
		<subfield code="a">Z8831</subfield>
		<subfield code="b">.B68 1991</subfield>
		<subfield code="a">B3998</subfield>
	  </datafield>
	  <datafield tag="082" ind1="0" ind2="0">
		<subfield code="a">016.199/492</subfield>
		<subfield code="2">20</subfield>
	  </datafield>
	  <datafield tag="100" ind1="1" ind2="0">
		<subfield code="a">Boucher, Wayne I.</subfield>
	  </datafield>
	  <datafield tag="245" ind1="1" ind2="0">
		<subfield code="a">Spinoza in English :</subfield>
		<subfield code="b">a bibliography from the seventeenth century to the present /</subfield>
		<subfield code="c">by Wayne I. Boucher.</subfield>
	  </datafield>
	  <datafield tag="260" ind1="0" ind2=" ">
		<subfield code="a">Leiden ;</subfield>
		<subfield code="a">New York :</subfield>
		<subfield code="b">E.J. Brill,</subfield>
		<subfield code="c">1991.</subfield>
	  </datafield>
	  <datafield tag="300" ind1=" " ind2=" ">
		<subfield code="a">ix, 226 p. ;</subfield>
		<subfield code="c">25 cm.</subfield>
	  </datafield>
	  <datafield tag="440" ind1=" " ind2="0">
		<subfield code="a">Brill's studies in intellectual history,</subfield>
		<subfield code="x">0920-8607 ;</subfield>
		<subfield code="v">v. 28</subfield>
	  </datafield>
	  <datafield tag="600" ind1="1" ind2="0">
		<subfield code="a">Spinoza, Benedictus de,</subfield>
		<subfield code="d">1632-1677</subfield>
		<subfield code="x">Bibliography.</subfield>
	  </datafield>
	  <datafield tag="998" ind1=" " ind2=" ">
		<subfield code="a">4/8/1992</subfield>
		<subfield code="b">4/20/1992</subfield>
		<subfield code="c">4/8/1992</subfield>
	  </datafield>
	  <datafield tag="596" ind1=" " ind2=" ">
		<subfield code="a">1</subfield>
	  </datafield>
	  <datafield tag="999" ind1=" " ind2=" ">
		<subfield code="a">B3998 .B68 1991</subfield>
		<subfield code="w">LC</subfield>
		<subfield code="c">1</subfield>
		<subfield code="i">30000027207038</subfield>
		<subfield code="d">6/10/2003</subfield>
		<subfield code="e">5/6/2003</subfield>
		<subfield code="l">_RCSTACKS</subfield>
		<subfield code="m">B-WELLS</subfield>
		<subfield code="n">12</subfield>
		<subfield code="r">Y</subfield>
		<subfield code="s">Y</subfield>
		<subfield code="t">NORMAL</subfield>
		<subfield code="u">11/5/2000</subfield>
	  </datafield>
	</record>