
	<record>
	  <leader>00976cam a2200289 a 45 0</leader>
	  <controlfield tag="001">a254868</controlfield>
	  <controlfield tag="003">InU</controlfield>
	  <controlfield tag="008">901204s1990    gw a     b    00110 ger  </controlfield>
	  <datafield tag="010" ind1=" " ind2=" ">
		<subfield code="a">   90223301</subfield>
	  </datafield>
	  <datafield tag="020" ind1=" " ind2=" ">
		<subfield code="a">3484311010</subfield>
	  </datafield>
	  <datafield tag="035" ind1=" " ind2=" ">
		<subfield code="a">(InU)ACL3566BB</subfield>
	  </datafield>
	  <datafield tag="035" ind1=" " ind2=" ">
		<subfield code="a">(OCoLC)ocm21555359</subfield>
	  </datafield>
	  <datafield tag="040" ind1=" " ind2=" ">
		<subfield code="a">DLC</subfield>
		<subfield code="c">DLC</subfield>
		<subfield code="d">IUL</subfield>
	  </datafield>
	  <datafield tag="049" ind1=" " ind2=" ">
		<subfield code="a">IULA</subfield>
	  </datafield>
	  <datafield tag="050" ind1="0" ind2="0">
		<subfield code="a">PF3074</subfield>
		<subfield code="b">.F73 1990</subfield>
	  </datafield>
	  <datafield tag="082" ind1="0" ind2="0">
		<subfield code="a">437</subfield>
		<subfield code="2">20</subfield>
	  </datafield>
	  <datafield tag="100" ind1="1" ind2="0">
		<subfield code="a">Franke, Wilhelm,</subfield>
		<subfield code="d">1952-</subfield>
	  </datafield>
	  <datafield tag="245" ind1="1" ind2="0">
		<subfield code="a">Elementare Dialogstrukturen :</subfield>
		<subfield code="b">Darstellung, Analyse, Diskussion /</subfield>
		<subfield code="c">Wilhelm Franke.</subfield>
	  </datafield>
	  <datafield tag="260" ind1="0" ind2=" ">
		<subfield code="a">Tübingen :</subfield>
		<subfield code="b">M. Niemeyer,</subfield>
		<subfield code="c">1990.</subfield>
	  </datafield>
	  <datafield tag="300" ind1=" " ind2=" ">
		<subfield code="a">viii, 186 p. :</subfield>
		<subfield code="b">ill. ;</subfield>
		<subfield code="c">22 cm.</subfield>
	  </datafield>
	  <datafield tag="440" ind1=" " ind2="0">
		<subfield code="a">Reihe Germanistische Linguistik,</subfield>
		<subfield code="x">0344-6778 ;</subfield>
		<subfield code="v">101</subfield>
	  </datafield>
	  <datafield tag="504" ind1=" " ind2=" ">
		<subfield code="a">Includes bibliographical references (p. 169-174) and index.</subfield>
	  </datafield>
	  <datafield tag="650" ind1=" " ind2="0">
		<subfield code="a">German language</subfield>
		<subfield code="x">Spoken German.</subfield>
	  </datafield>
	  <datafield tag="650" ind1=" " ind2="0">
		<subfield code="a">Dialogue.</subfield>
	  </datafield>
	  <datafield tag="998" ind1=" " ind2=" ">
		<subfield code="a">4/8/1992</subfield>
		<subfield code="b">4/17/1992</subfield>
		<subfield code="c">4/8/1992</subfield>
	  </datafield>
	  <datafield tag="596" ind1=" " ind2=" ">
		<subfield code="a">1</subfield>
	  </datafield>
	  <datafield tag="999" ind1=" " ind2=" ">
		<subfield code="a">PF3074 .F73 1990</subfield>
		<subfield code="w">LC</subfield>
		<subfield code="c">1</subfield>
		<subfield code="i">30000027195787</subfield>
		<subfield code="d">5/22/1992</subfield>
		<subfield code="l">_RCSTACKS</subfield>
		<subfield code="m">B-WELLS</subfield>
		<subfield code="n">1</subfield>
		<subfield code="r">Y</subfield>
		<subfield code="s">Y</subfield>
		<subfield code="t">NORMAL</subfield>
		<subfield code="u">11/5/2000</subfield>
	  </datafield>
	</record>