
	<record>
	  <leader>01563ccm a2200385Ia 45 0</leader>
	  <controlfield tag="001">a254906</controlfield>
	  <controlfield tag="003">InU</controlfield>
	  <controlfield tag="005">20030725000000.0</controlfield>
	  <controlfield tag="008">870909s1964    enksnz   ei     n   N/A d</controlfield>
	  <datafield tag="035" ind1=" " ind2=" ">
		<subfield code="a">(OCoLC)ocm16658094</subfield>
	  </datafield>
	  <datafield tag="040" ind1=" " ind2=" ">
		<subfield code="a">CIN</subfield>
		<subfield code="c">CIN</subfield>
		<subfield code="d">IUL</subfield>
	  </datafield>
	  <datafield tag="028" ind1="2" ind2="0">
		<subfield code="a">16227</subfield>
		<subfield code="b">Novello</subfield>
	  </datafield>
	  <datafield tag="028" ind1="2" ind2="0">
		<subfield code="a">16262</subfield>
		<subfield code="b">Novello</subfield>
	  </datafield>
	  <datafield tag="028" ind1="2" ind2="0">
		<subfield code="a">16291</subfield>
		<subfield code="b">Novello</subfield>
	  </datafield>
	  <datafield tag="028" ind1="3" ind2="0">
		<subfield code="a">01 0200</subfield>
		<subfield code="b">Novello</subfield>
	  </datafield>
	  <datafield tag="041" ind1="0" ind2=" ">
		<subfield code="g">eng</subfield>
	  </datafield>
	  <datafield tag="048" ind1=" " ind2=" ">
		<subfield code="a">kb01</subfield>
	  </datafield>
	  <datafield tag="090" ind1=" " ind2=" ">
		<subfield code="a">M8.R51</subfield>
		<subfield code="b">S65</subfield>
	  </datafield>
	  <datafield tag="100" ind1="1" ind2=" ">
		<subfield code="a">Rheinberger, Josef,</subfield>
		<subfield code="d">1839-1901.</subfield>
	  </datafield>
	  <datafield tag="240" ind1="1" ind2="0">
		<subfield code="a">Sonatas,</subfield>
		<subfield code="m">organ.</subfield>
		<subfield code="k">Selections</subfield>
	  </datafield>
	  <datafield tag="245" ind1="0" ind2="0">
		<subfield code="a">Sonata no. 16, opus 175, in G sharp minor. Sonata no. 17, opus 181, in B. Sonata no. 18, opus 188, in A /</subfield>
		<subfield code="c">Josef Rheinberger ; edited by Harvey Grace.</subfield>
	  </datafield>
	  <datafield tag="260" ind1=" " ind2=" ">
		<subfield code="a">London :</subfield>
		<subfield code="b">Novello,</subfield>
		<subfield code="c">[1964?]</subfield>
	  </datafield>
	  <datafield tag="300" ind1=" " ind2=" ">
		<subfield code="a">21, 24, 26 p. of music ;</subfield>
		<subfield code="c">28 cm.</subfield>
	  </datafield>
	  <datafield tag="490" ind1="1" ind2=" ">
		<subfield code="a">Organ works / Josef Rheinberger</subfield>
	  </datafield>
	  <datafield tag="500" ind1=" " ind2=" ">
		<subfield code="a">Pl. nos.: 16227, 16262, 16291.</subfield>
	  </datafield>
	  <datafield tag="500" ind1=" " ind2=" ">
		<subfield code="a">Publisher's no.: Cat. no. 01 0200.</subfield>
	  </datafield>
	  <datafield tag="650" ind1=" " ind2="0">
		<subfield code="a">Sonatas (Organ)</subfield>
	  </datafield>
	  <datafield tag="700" ind1="1" ind2="2">
		<subfield code="a">Rheinberger, Josef,</subfield>
		<subfield code="d">1839-1901.</subfield>
		<subfield code="t">Sonatas,</subfield>
		<subfield code="m">organ,</subfield>
		<subfield code="n">no. 16, op. 175,</subfield>
		<subfield code="r">G# minor.</subfield>
	  </datafield>
	  <datafield tag="700" ind1="1" ind2="2">
		<subfield code="a">Rheinberger, Josef,</subfield>
		<subfield code="d">1839-1901.</subfield>
		<subfield code="t">Sonatas,</subfield>
		<subfield code="m">organ,</subfield>
		<subfield code="n">no. 17, op. 181,</subfield>
		<subfield code="r">B major.</subfield>
	  </datafield>
	  <datafield tag="700" ind1="1" ind2="2">
		<subfield code="a">Rheinberger, Josef,</subfield>
		<subfield code="d">1839-1901.</subfield>
		<subfield code="t">Sonatas,</subfield>
		<subfield code="m">organ,</subfield>
		<subfield code="n">no. 18, op. 188,</subfield>
		<subfield code="r">A major.</subfield>
	  </datafield>
	  <datafield tag="700" ind1="1" ind2=" ">
		<subfield code="a">Grace, Harvey,</subfield>
		<subfield code="d">1874-1944.</subfield>
		<subfield code="4">edt</subfield>
	  </datafield>
	  <datafield tag="800" ind1="1" ind2=" ">
		<subfield code="a">Rheinberger, Josef,</subfield>
		<subfield code="d">1839-1901.</subfield>
		<subfield code="t">Organ music.</subfield>
		<subfield code="k">Selections (Novello &amp; Co.)</subfield>
	  </datafield>
	  <datafield tag="035" ind1=" " ind2=" ">
		<subfield code="a">(InU)ACL3627BM</subfield>
	  </datafield>
	  <datafield tag="596" ind1=" " ind2=" ">
		<subfield code="a">20</subfield>
	  </datafield>
	  <datafield tag="999" ind1=" " ind2=" ">
		<subfield code="a">M8 .R46 op. 175 1964</subfield>
		<subfield code="w">LC</subfield>
		<subfield code="c">1</subfield>
		<subfield code="i">30000085323677</subfield>
		<subfield code="d">9/23/2007</subfield>
		<subfield code="e">9/12/2003</subfield>
		<subfield code="l">STACKS</subfield>
		<subfield code="m">B-MUSIC</subfield>
		<subfield code="q">2</subfield>
		<subfield code="r">Y</subfield>
		<subfield code="s">Y</subfield>
		<subfield code="t">NORMAL</subfield>
		<subfield code="u">11/5/2000</subfield>
		<subfield code="o">.STAFF. CAT;07-25-2003;BM000</subfield>
	  </datafield>
	</record>