
	<record>
	  <leader>01893ccm a2200421Ia 45 0</leader>
	  <controlfield tag="001">a256351</controlfield>
	  <controlfield tag="003">InU</controlfield>
	  <controlfield tag="005">20021112000000.0</controlfield>
	  <controlfield tag="008">920312s1991    au mua   hi     n   lat d</controlfield>
	  <datafield tag="035" ind1=" " ind2=" ">
		<subfield code="a">(OCoLC)ocm25469176</subfield>
	  </datafield>
	  <datafield tag="040" ind1=" " ind2=" ">
		<subfield code="a">SNN</subfield>
		<subfield code="c">SNN</subfield>
		<subfield code="d">OCL</subfield>
		<subfield code="d">IUL</subfield>
	  </datafield>
	  <datafield tag="041" ind1="0" ind2=" ">
		<subfield code="a">lat</subfield>
		<subfield code="g">ger</subfield>
	  </datafield>
	  <datafield tag="045" ind1=" " ind2=" ">
		<subfield code="a">v1v3</subfield>
	  </datafield>
	  <datafield tag="047" ind1=" " ind2=" ">
		<subfield code="a">mo</subfield>
		<subfield code="a">sg</subfield>
	  </datafield>
	  <datafield tag="048" ind1=" " ind2=" ">
		<subfield code="b">va02</subfield>
		<subfield code="a">sa02</subfield>
		<subfield code="a">ke</subfield>
	  </datafield>
	  <datafield tag="048" ind1=" " ind2=" ">
		<subfield code="b">va02</subfield>
		<subfield code="a">ke</subfield>
	  </datafield>
	  <datafield tag="090" ind1=" " ind2=" ">
		<subfield code="a">M3</subfield>
		<subfield code="b">.F97 III:2</subfield>
	  </datafield>
	  <datafield tag="100" ind1="1" ind2=" ">
		<subfield code="a">Fux, Johann Joseph,</subfield>
		<subfield code="d">1660-1741.</subfield>
	  </datafield>
	  <datafield tag="240" ind1="1" ind2="0">
		<subfield code="a">Vocal music.</subfield>
		<subfield code="k">Selections</subfield>
	  </datafield>
	  <datafield tag="245" ind1="1" ind2="0">
		<subfield code="a">Motette "Benedicta" und Antiphonen :</subfield>
		<subfield code="b">für zwei Soprano mit Instrumentalbegleitung /</subfield>
		<subfield code="c">Johann Joseph Fux ; vorgelegt von Jürgen Neubacher ; Continuobearbeitung von Gilbert Grosse Boymann.</subfield>
	  </datafield>
	  <datafield tag="260" ind1=" " ind2=" ">
		<subfield code="a">Graz, Austria :</subfield>
		<subfield code="b">Akademische Druck- u. Verlagsanstalt,</subfield>
		<subfield code="c">1991.</subfield>
	  </datafield>
	  <datafield tag="300" ind1=" " ind2=" ">
		<subfield code="a">1 score (viii, 92 p.) :</subfield>
		<subfield code="b">facsims. ;</subfield>
		<subfield code="c">33 cm.</subfield>
	  </datafield>
	  <datafield tag="490" ind1="1" ind2=" ">
		<subfield code="a">Sämtliche Werke / Johann Joseph Fux. Serie III, Kleinere Kirchenmusikwerke ;</subfield>
		<subfield code="v">Bd. 2</subfield>
	  </datafield>
	  <datafield tag="500" ind1=" " ind2=" ">
		<subfield code="a">Principally for 2 sopranos and continuo; the 1st work also with 2 violins.</subfield>
	  </datafield>
	  <datafield tag="500" ind1=" " ind2=" ">
		<subfield code="a">Latin words.</subfield>
	  </datafield>
	  <datafield tag="500" ind1=" " ind2=" ">
		<subfield code="a">Figured bass realized for organ; figures retained.</subfield>
	  </datafield>
	  <datafield tag="500" ind1=" " ind2=" ">
		<subfield code="a">Historical and editorial notes in German on p. vi-viii; kritischer Bericht on p. 89-92.</subfield>
	  </datafield>
	  <datafield tag="504" ind1=" " ind2=" ">
		<subfield code="a">Includes bibliographical references.</subfield>
	  </datafield>
	  <datafield tag="505" ind1="0" ind2=" ">
		<subfield code="a">Benedicta quae lilium es, K 174 -- Alma redemptoris, K 191 -- Ave Regina, K 209-K 212 -- Salve Regina, K 257.</subfield>
	  </datafield>
	  <datafield tag="650" ind1=" " ind2="0">
		<subfield code="a">Sacred vocal duets with instrumental ensemble</subfield>
		<subfield code="v">Scores.</subfield>
	  </datafield>
	  <datafield tag="650" ind1=" " ind2="0">
		<subfield code="a">Sacred vocal duets with continuo.</subfield>
	  </datafield>
	  <datafield tag="650" ind1=" " ind2="0">
		<subfield code="a">Motets.</subfield>
	  </datafield>
	  <datafield tag="700" ind1="1" ind2=" ">
		<subfield code="a">Neubacher, Jürgen.</subfield>
		<subfield code="4">edt</subfield>
	  </datafield>
	  <datafield tag="700" ind1="1" ind2=" ">
		<subfield code="a">Grosse Boymann, Gilbert.</subfield>
		<subfield code="4">arr</subfield>
	  </datafield>
	  <datafield tag="800" ind1="1" ind2=" ">
		<subfield code="a">Fux, Johann Joseph,</subfield>
		<subfield code="d">1660-1741.</subfield>
		<subfield code="t">Works.</subfield>
		<subfield code="f">1959 ;</subfield>
		<subfield code="v">Ser. 3, Bd. 2.</subfield>
	  </datafield>
	  <datafield tag="035" ind1=" " ind2=" ">
		<subfield code="a">(InU)ACL6341BM</subfield>
	  </datafield>
	  <datafield tag="596" ind1=" " ind2=" ">
		<subfield code="a">20</subfield>
	  </datafield>
	  <datafield tag="999" ind1=" " ind2=" ">
		<subfield code="a">M3 .F99 Ser.III v.2</subfield>
		<subfield code="w">LC</subfield>
		<subfield code="c">1</subfield>
		<subfield code="i">256351-2001</subfield>
		<subfield code="l">_MUM2M3</subfield>
		<subfield code="m">B-MUSIC</subfield>
		<subfield code="r">Y</subfield>
		<subfield code="s">Y</subfield>
		<subfield code="t">_M2M3</subfield>
		<subfield code="u">11/5/2000</subfield>
		<subfield code="o">.STAFF. CAT;11-12-2002;BM000</subfield>
		<subfield code="o">.STAFF. barcode on: ABE3638BM</subfield>
	  </datafield>
	</record>