
	<record>
	  <leader>01575ccm a2200421 a 45 0</leader>
	  <controlfield tag="001">a256352</controlfield>
	  <controlfield tag="003">InU</controlfield>
	  <controlfield tag="008">920312s1991    au vrz   i     n    N/A d</controlfield>
	  <datafield tag="028" ind1="2" ind2="2">
		<subfield code="a">D.17 829</subfield>
		<subfield code="b">Doblinger</subfield>
	  </datafield>
	  <datafield tag="028" ind1="3" ind2="0">
		<subfield code="a">DM 1166</subfield>
		<subfield code="b">Doblinger</subfield>
	  </datafield>
	  <datafield tag="035" ind1=" " ind2=" ">
		<subfield code="a">(InU)ACL6343BM</subfield>
	  </datafield>
	  <datafield tag="035" ind1=" " ind2=" ">
		<subfield code="a">(OCoLC)ocm25469743</subfield>
	  </datafield>
	  <datafield tag="040" ind1=" " ind2=" ">
		<subfield code="a">NOC</subfield>
		<subfield code="c">NOC</subfield>
	  </datafield>
	  <datafield tag="041" ind1="0" ind2=" ">
		<subfield code="g">gereng</subfield>
	  </datafield>
	  <datafield tag="045" ind1="0" ind2=" ">
		<subfield code="b">d1809</subfield>
	  </datafield>
	  <datafield tag="048" ind1=" " ind2=" ">
		<subfield code="a">wa01</subfield>
	  </datafield>
	  <datafield tag="049" ind1=" " ind2=" ">
		<subfield code="a">IULA</subfield>
	  </datafield>
	  <datafield tag="090" ind1=" " ind2=" ">
		<subfield code="a">M62.P63</subfield>
		<subfield code="b">V3 1991</subfield>
	  </datafield>
	  <datafield tag="100" ind1="1" ind2="0">
		<subfield code="a">Pössinger, Franz Alexander,</subfield>
		<subfield code="d">1767-1827.</subfield>
	  </datafield>
	  <datafield tag="240" ind1="1" ind2="0">
		<subfield code="a">Variations,</subfield>
		<subfield code="m">flute,</subfield>
		<subfield code="r">C major</subfield>
	  </datafield>
	  <datafield tag="245" ind1="1" ind2="0">
		<subfield code="a">24 Variationen über "Gott erhalte" :</subfield>
		<subfield code="b">für Flöte solo /</subfield>
		<subfield code="c">Franz Alexander Pössinger ; [hg. v.] Dorit Pawikovsky.</subfield>
	  </datafield>
	  <datafield tag="260" ind1="0" ind2=" ">
		<subfield code="a">Wien :</subfield>
		<subfield code="b">Doblinger,</subfield>
		<subfield code="c">c1991.</subfield>
	  </datafield>
	  <datafield tag="300" ind1=" " ind2=" ">
		<subfield code="a">20 p. of music ;</subfield>
		<subfield code="c">30 cm.</subfield>
	  </datafield>
	  <datafield tag="490" ind1="1" ind2=" ">
		<subfield code="a">Diletto musicale ;</subfield>
		<subfield code="v">1166</subfield>
	  </datafield>
	  <datafield tag="500" ind1=" " ind2=" ">
		<subfield code="a">Variations for solo flute on Joseph Haydn's Gott erhalte Franz, den Kaiser.</subfield>
	  </datafield>
	  <datafield tag="500" ind1=" " ind2=" ">
		<subfield code="a">Pref. in German and English.</subfield>
	  </datafield>
	  <datafield tag="500" ind1=" " ind2=" ">
		<subfield code="a">"The original title of the present variations reads, 24 variations ou etudes pour flûte seule"--Pref.</subfield>
	  </datafield>
	  <datafield tag="650" ind1=" " ind2="0">
		<subfield code="a">Variations (Flute)</subfield>
	  </datafield>
	  <datafield tag="650" ind1=" " ind2="0">
		<subfield code="a">Flute music.</subfield>
	  </datafield>
	  <datafield tag="700" ind1="1" ind2="0">
		<subfield code="a">Pawikovsky, Dorit.</subfield>
	  </datafield>
	  <datafield tag="700" ind1="1" ind2="1">
		<subfield code="a">Haydn, Joseph,</subfield>
		<subfield code="d">1732-1809.</subfield>
		<subfield code="t">Gott erhalte Franz, den Kaiser.</subfield>
	  </datafield>
	  <datafield tag="740" ind1="0" ind2="1">
		<subfield code="a">Vierundzwanzig Variationen über "Gott erhalte."</subfield>
	  </datafield>
	  <datafield tag="740" ind1="0" ind2="1">
		<subfield code="a">Variationen über "Gott erhalte."</subfield>
	  </datafield>
	  <datafield tag="740" ind1="0" ind2="1">
		<subfield code="a">Gott erhalte Franz, den Kaiser.</subfield>
	  </datafield>
	  <datafield tag="830" ind1=" " ind2="0">
		<subfield code="a">Diletto musicale ;</subfield>
		<subfield code="v">Nr. 1166.</subfield>
	  </datafield>
	  <datafield tag="998" ind1=" " ind2=" ">
		<subfield code="a">4/13/1992</subfield>
		<subfield code="b">4/13/1992</subfield>
		<subfield code="c">4/13/1992</subfield>
	  </datafield>
	  <datafield tag="596" ind1=" " ind2=" ">
		<subfield code="a">20</subfield>
	  </datafield>
	  <datafield tag="999" ind1=" " ind2=" ">
		<subfield code="a">ACL6343</subfield>
		<subfield code="w">ALPHANUM</subfield>
		<subfield code="c">1</subfield>
		<subfield code="i">30000085064370</subfield>
		<subfield code="d">10/10/2006</subfield>
		<subfield code="l">_MUFRSCOR</subfield>
		<subfield code="m">B-MUSIC</subfield>
		<subfield code="q">1</subfield>
		<subfield code="r">Y</subfield>
		<subfield code="s">Y</subfield>
		<subfield code="t">NORMAL</subfield>
		<subfield code="u">11/5/2000</subfield>
	  </datafield>
	</record>