
	<record>
	  <leader>01347cam a2200313 a 45 0</leader>
	  <controlfield tag="001">a256377</controlfield>
	  <controlfield tag="003">InU</controlfield>
	  <controlfield tag="008">920311s1992    dcua         f000 0 eng d</controlfield>
	  <datafield tag="020" ind1=" " ind2=" ">
		<subfield code="a">0160372151</subfield>
	  </datafield>
	  <datafield tag="035" ind1=" " ind2=" ">
		<subfield code="a">(InU)ACL6384BW</subfield>
	  </datafield>
	  <datafield tag="035" ind1=" " ind2=" ">
		<subfield code="a">(OCoLC)ocm25436445</subfield>
	  </datafield>
	  <datafield tag="040" ind1=" " ind2=" ">
		<subfield code="a">GPO</subfield>
		<subfield code="c">GPO</subfield>
	  </datafield>
	  <datafield tag="043" ind1=" " ind2=" ">
		<subfield code="a">n-us---</subfield>
	  </datafield>
	  <datafield tag="049" ind1=" " ind2=" ">
		<subfield code="a">IUBD</subfield>
	  </datafield>
	  <datafield tag="074" ind1=" " ind2=" ">
		<subfield code="a">1035-C</subfield>
	  </datafield>
	  <datafield tag="086" ind1="0" ind2=" ">
		<subfield code="a">Y 4.B 22/3:S.hrg.102-386</subfield>
	  </datafield>
	  <datafield tag="099" ind1=" " ind2=" ">
		<subfield code="a">Y 4.B</subfield>
		<subfield code="a">22/3:</subfield>
		<subfield code="a">S.hrg.</subfield>
		<subfield code="a">102-386</subfield>
	  </datafield>
	  <datafield tag="110" ind1="1" ind2="0">
		<subfield code="a">United States.</subfield>
		<subfield code="b">Congress.</subfield>
		<subfield code="b">Senate.</subfield>
		<subfield code="b">Committee on Banking, Housing, and Urban Affairs.</subfield>
		<subfield code="b">Subcommittee on Securities.</subfield>
	  </datafield>
	  <datafield tag="245" ind1="1" ind2="0">
		<subfield code="a">Reauthorizations for the Securities and Exchange Commission, 1992-94 :</subfield>
		<subfield code="b">hearing before the Subcommittee on Securities of the Committee on Banking, Housing, and Urban Affairs, United States Senate, One Hundred Second Congress, first session ... July 25, 1991.</subfield>
	  </datafield>
	  <datafield tag="260" ind1="0" ind2=" ">
		<subfield code="a">Washington :</subfield>
		<subfield code="b">U.S. G.P.O.,</subfield>
		<subfield code="c">1992.</subfield>
	  </datafield>
	  <datafield tag="300" ind1=" " ind2=" ">
		<subfield code="a">iii, 118 p. :</subfield>
		<subfield code="b">ill. ;</subfield>
		<subfield code="c">24 cm.</subfield>
	  </datafield>
	  <datafield tag="490" ind1="1" ind2=" ">
		<subfield code="a">S. hrg. ;</subfield>
		<subfield code="v">102-386</subfield>
	  </datafield>
	  <datafield tag="500" ind1=" " ind2=" ">
		<subfield code="a">Cover title.</subfield>
	  </datafield>
	  <datafield tag="591" ind1=" " ind2=" ">
		<subfield code="a"></subfield>
	  </datafield>
	  <datafield tag="610" ind1="1" ind2="0">
		<subfield code="a">United States.</subfield>
		<subfield code="b">Securities and Exchange Commission</subfield>
		<subfield code="x">Appropriations and expenditures.</subfield>
	  </datafield>
	  <datafield tag="810" ind1="1" ind2=" ">
		<subfield code="a">United States.</subfield>
		<subfield code="b">Congress.</subfield>
		<subfield code="b">Senate.</subfield>
		<subfield code="t">S. hrg. ;</subfield>
		<subfield code="v">102-386.</subfield>
	  </datafield>
	  <datafield tag="998" ind1=" " ind2=" ">
		<subfield code="a">4/13/1992</subfield>
		<subfield code="b">6/11/1992</subfield>
		<subfield code="c">4/13/1992</subfield>
	  </datafield>
	  <datafield tag="596" ind1=" " ind2=" ">
		<subfield code="a">17</subfield>
	  </datafield>
	  <datafield tag="999" ind1=" " ind2=" ">
		<subfield code="a">Y 4.B 22/3: S.hrg. 102-386</subfield>
		<subfield code="w">SUDOC</subfield>
		<subfield code="c">1</subfield>
		<subfield code="i">30000022589489</subfield>
		<subfield code="d">10/6/1994</subfield>
		<subfield code="l">_BLAWUSDOC</subfield>
		<subfield code="m">B-LAW</subfield>
		<subfield code="n">2</subfield>
		<subfield code="r">Y</subfield>
		<subfield code="s">Y</subfield>
		<subfield code="t">NORMAL</subfield>
		<subfield code="u">11/5/2000</subfield>
		<subfield code="x">GOVDOCS</subfield>
	  </datafield>
	</record>