
	<record>
	  <leader>01436cam a2200325 a 45 0</leader>
	  <controlfield tag="001">a256407</controlfield>
	  <controlfield tag="003">InU</controlfield>
	  <controlfield tag="008">920304s1991    dcu          f000 0 eng d</controlfield>
	  <datafield tag="020" ind1=" " ind2=" ">
		<subfield code="a">0160370906</subfield>
	  </datafield>
	  <datafield tag="035" ind1=" " ind2=" ">
		<subfield code="a">(InU)ACL6445BW</subfield>
	  </datafield>
	  <datafield tag="035" ind1=" " ind2=" ">
		<subfield code="a">(OCoLC)ocm25388546</subfield>
	  </datafield>
	  <datafield tag="040" ind1=" " ind2=" ">
		<subfield code="a">ITT</subfield>
		<subfield code="c">ITT</subfield>
		<subfield code="d">GPO</subfield>
	  </datafield>
	  <datafield tag="043" ind1=" " ind2=" ">
		<subfield code="a">n-us---</subfield>
	  </datafield>
	  <datafield tag="049" ind1=" " ind2=" ">
		<subfield code="a">IUBD</subfield>
	  </datafield>
	  <datafield tag="074" ind1=" " ind2=" ">
		<subfield code="a">1035-C</subfield>
	  </datafield>
	  <datafield tag="086" ind1="0" ind2=" ">
		<subfield code="a">Y 4.B 22/3:S.hrg.102-332</subfield>
	  </datafield>
	  <datafield tag="090" ind1=" " ind2=" ">
		<subfield code="a">HB119</subfield>
		<subfield code="b">.T38 1991</subfield>
	  </datafield>
	  <datafield tag="099" ind1=" " ind2=" ">
		<subfield code="a">Y 4.B</subfield>
		<subfield code="a">22/3:</subfield>
		<subfield code="a">S.hrg.</subfield>
		<subfield code="a">102-332</subfield>
	  </datafield>
	  <datafield tag="110" ind1="1" ind2="0">
		<subfield code="a">United States.</subfield>
		<subfield code="b">Congress.</subfield>
		<subfield code="b">Senate.</subfield>
		<subfield code="b">Committee on Banking, Housing, and Urban Affairs</subfield>
		<subfield code="w">cn</subfield>
	  </datafield>
	  <datafield tag="245" ind1="1" ind2="0">
		<subfield code="a">Nomination of William Taylor :</subfield>
		<subfield code="b">hearing before the Committee on Banking, Housing, and Urban Affairs, United States Senate, One Hundred Second Congress, first session, on the nomination of William Taylor, of Illinois, to be a member of the Board of Directors of the Federal Deposit Insurance Corporation for a term expiring February 28, 1993 ... September 24, 1991.</subfield>
	  </datafield>
	  <datafield tag="300" ind1=" " ind2=" ">
		<subfield code="a">iii, 163 p. ;</subfield>
		<subfield code="c">24 cm.</subfield>
	  </datafield>
	  <datafield tag="490" ind1="1" ind2=" ">
		<subfield code="a">S. hrg. ;</subfield>
		<subfield code="v">102-332</subfield>
	  </datafield>
	  <datafield tag="500" ind1=" " ind2=" ">
		<subfield code="a">Cover title.</subfield>
	  </datafield>
	  <datafield tag="591" ind1=" " ind2=" ">
		<subfield code="a"></subfield>
	  </datafield>
	  <datafield tag="600" ind1="1" ind2="0">
		<subfield code="a">Taylor, William.</subfield>
	  </datafield>
	  <datafield tag="610" ind1="2" ind2="0">
		<subfield code="a">Federal Deposit Insurance Corporation</subfield>
		<subfield code="x">Officials and employees</subfield>
		<subfield code="x">Selection and appointment.</subfield>
		<subfield code="w">cn</subfield>
	  </datafield>
	  <datafield tag="810" ind1="1" ind2=" ">
		<subfield code="a">United States.</subfield>
		<subfield code="b">Congress.</subfield>
		<subfield code="b">Senate.</subfield>
		<subfield code="t">S. hrg. ;</subfield>
		<subfield code="v">102-332.</subfield>
	  </datafield>
	  <datafield tag="998" ind1=" " ind2=" ">
		<subfield code="a">4/13/1992</subfield>
		<subfield code="b">4/13/1992</subfield>
		<subfield code="c">4/13/1992</subfield>
	  </datafield>
	  <datafield tag="596" ind1=" " ind2=" ">
		<subfield code="a">17</subfield>
	  </datafield>
	  <datafield tag="999" ind1=" " ind2=" ">
		<subfield code="a">Y 4.B 22/3: S.hrg. 102-332</subfield>
		<subfield code="w">SUDOC</subfield>
		<subfield code="c">1</subfield>
		<subfield code="i">30000022562221</subfield>
		<subfield code="l">_BLAWUSDOC</subfield>
		<subfield code="m">B-LAW</subfield>
		<subfield code="r">Y</subfield>
		<subfield code="s">Y</subfield>
		<subfield code="t">NORMAL</subfield>
		<subfield code="u">11/5/2000</subfield>
		<subfield code="x">GOVDOCS</subfield>
	  </datafield>
	</record>