
	<record>
	  <leader>01227cam a2200325 i 45 0</leader>
	  <controlfield tag="001">a258332</controlfield>
	  <controlfield tag="003">InU</controlfield>
	  <controlfield tag="008">761021s1973    qucab    b   s000 0 fre d</controlfield>
	  <datafield tag="035" ind1=" " ind2=" ">
		<subfield code="a">(InU)ACL9619BB</subfield>
	  </datafield>
	  <datafield tag="035" ind1=" " ind2=" ">
		<subfield code="a">(OCoLC)ocm02519718</subfield>
	  </datafield>
	  <datafield tag="040" ind1=" " ind2=" ">
		<subfield code="a">TXA</subfield>
		<subfield code="c">TXA</subfield>
		<subfield code="d">m.c.</subfield>
		<subfield code="d">m/c</subfield>
		<subfield code="d">IUL</subfield>
	  </datafield>
	  <datafield tag="041" ind1="0" ind2=" ">
		<subfield code="a">freeng</subfield>
	  </datafield>
	  <datafield tag="049" ind1=" " ind2=" ">
		<subfield code="a">IULA</subfield>
	  </datafield>
	  <datafield tag="090" ind1=" " ind2=" ">
		<subfield code="a">QE193</subfield>
		<subfield code="b">.A3 no.159</subfield>
	  </datafield>
	  <datafield tag="100" ind1="1" ind2="0">
		<subfield code="a">Miller, M. L.</subfield>
		<subfield code="w">cn</subfield>
	  </datafield>
	  <datafield tag="245" ind1="1" ind2="0">
		<subfield code="a">Rēgion de Saint-Simēon Tadoussac =</subfield>
		<subfield code="b">Saint-Simēon Tadoussac area /</subfield>
		<subfield code="c">M. L. Miller.</subfield>
	  </datafield>
	  <datafield tag="260" ind1="0" ind2=" ">
		<subfield code="a">Quebec :</subfield>
		<subfield code="b">Ministēre des Richesses Naturelles, Direction Gēnērale des Mines,</subfield>
		<subfield code="c">1973.</subfield>
	  </datafield>
	  <datafield tag="300" ind1=" " ind2=" ">
		<subfield code="a">94 p. :</subfield>
		<subfield code="b">ill., map (1 fold. col. in pocket) ;</subfield>
		<subfield code="c">26 cm.</subfield>
	  </datafield>
	  <datafield tag="490" ind1="1" ind2=" ">
		<subfield code="a">Rapport  gēologique : geological report ; 159</subfield>
	  </datafield>
	  <datafield tag="500" ind1=" " ind2=" ">
		<subfield code="a">In French and English.</subfield>
	  </datafield>
	  <datafield tag="500" ind1=" " ind2=" ">
		<subfield code="a">Erratum slip inserted.</subfield>
	  </datafield>
	  <datafield tag="504" ind1=" " ind2=" ">
		<subfield code="a">Bibliography: p. 94.</subfield>
	  </datafield>
	  <datafield tag="591" ind1=" " ind2=" ">
		<subfield code="a"></subfield>
	  </datafield>
	  <datafield tag="650" ind1=" " ind2="0">
		<subfield code="a">Geology</subfield>
		<subfield code="z">Québec (Province)</subfield>
		<subfield code="z">Saint Simēon.</subfield>
		<subfield code="w">cm</subfield>
	  </datafield>
	  <datafield tag="650" ind1=" " ind2="0">
		<subfield code="a">Geology</subfield>
		<subfield code="z">Québec (Province)</subfield>
		<subfield code="z">Tadoussac.</subfield>
		<subfield code="w">cm</subfield>
	  </datafield>
	  <datafield tag="740" ind1="0" ind2="0">
		<subfield code="a">Saint-Simēon Tadoussac area.</subfield>
	  </datafield>
	  <datafield tag="810" ind1="1" ind2=" ">
		<subfield code="a">Rapport géologique (Québec Québec).</subfield>
		<subfield code="l">English ;</subfield>
		<subfield code="v">159.</subfield>
	  </datafield>
	  <datafield tag="998" ind1=" " ind2=" ">
		<subfield code="a">4/16/1992</subfield>
		<subfield code="b">4/16/1992</subfield>
		<subfield code="c">4/16/1992</subfield>
	  </datafield>
	  <datafield tag="596" ind1=" " ind2=" ">
		<subfield code="a">11</subfield>
	  </datafield>
	  <datafield tag="999" ind1=" " ind2=" ">
		<subfield code="a">QE193 .A4 no.159</subfield>
		<subfield code="w">LC</subfield>
		<subfield code="c">1</subfield>
		<subfield code="i">30000027140403</subfield>
		<subfield code="d">5/28/1992</subfield>
		<subfield code="j">2</subfield>
		<subfield code="l">STACKS</subfield>
		<subfield code="m">B-GEOLOGY</subfield>
		<subfield code="q">1</subfield>
		<subfield code="r">Y</subfield>
		<subfield code="s">Y</subfield>
		<subfield code="t">NORMAL</subfield>
		<subfield code="u">11/5/2000</subfield>
	  </datafield>
	</record>