

	<record>
	  <leader>02709cjm a2200613 a 45 0</leader>
	  <controlfield tag="001">a261381</controlfield>
	  <controlfield tag="003">InU</controlfield>
	  <controlfield tag="008">880711s1986    enkmun   di         lat  </controlfield>
	  <controlfield tag="007">sdufsngnn???ed</controlfield>
	  <datafield tag="010" ind1=" " ind2=" ">
		<subfield code="a">   88752907 /R</subfield>
	  </datafield>
	  <datafield tag="019" ind1=" " ind2=" ">
		<subfield code="a">15350087</subfield>
	  </datafield>
	  <datafield tag="028" ind1="0" ind2="2">
		<subfield code="a">CDGIM 008</subfield>
		<subfield code="b">Gimell</subfield>
	  </datafield>
	  <datafield tag="035" ind1=" " ind2=" ">
		<subfield code="a">(InU)ACM4828BM</subfield>
	  </datafield>
	  <datafield tag="033" ind1=" " ind2=" ">
		<subfield code="b">5754</subfield>
		<subfield code="c">O9</subfield>
	  </datafield>
	  <datafield tag="035" ind1=" " ind2=" ">
		<subfield code="a">(OCoLC)ocm18385263</subfield>
	  </datafield>
	  <datafield tag="040" ind1=" " ind2=" ">
		<subfield code="a">DLC</subfield>
		<subfield code="c">DLC</subfield>
		<subfield code="d">OCL</subfield>
	  </datafield>
	  <datafield tag="041" ind1="0" ind2=" ">
		<subfield code="d">latita</subfield>
		<subfield code="e">itaengfreger</subfield>
		<subfield code="h">ita</subfield>
		<subfield code="g">engfregerita</subfield>
	  </datafield>
	  <datafield tag="047" ind1=" " ind2=" ">
		<subfield code="a">ms</subfield>
		<subfield code="a">md</subfield>
	  </datafield>
	  <datafield tag="048" ind1=" " ind2=" ">
		<subfield code="a">ca05</subfield>
	  </datafield>
	  <datafield tag="048" ind1=" " ind2=" ">
		<subfield code="a">ca06</subfield>
	  </datafield>
	  <datafield tag="048" ind1=" " ind2=" ">
		<subfield code="a">va02</subfield>
		<subfield code="a">vc01</subfield>
		<subfield code="a">vd02</subfield>
		<subfield code="a">vf01</subfield>
	  </datafield>
	  <datafield tag="049" ind1=" " ind2=" ">
		<subfield code="a">IULA</subfield>
	  </datafield>
	  <datafield tag="100" ind1="1" ind2=" ">
		<subfield code="a">Palestrina, Giovanni Pierluigi da,</subfield>
		<subfield code="d">1525?-1594.</subfield>
	  </datafield>
	  <datafield tag="240" ind1="1" ind2="0">
		<subfield code="a">Masses,</subfield>
		<subfield code="n">book 3.</subfield>
		<subfield code="p">Missa brevis</subfield>
	  </datafield>
	  <datafield tag="245" ind1="0" ind2="0">
		<subfield code="a">Missa brevis ; Missa Nasce la gioja mia /</subfield>
		<subfield code="c">[Palestrina]. Nasce la gioja mia / Primavera</subfield>
		<subfield code="h">[sound recording].</subfield>
	  </datafield>
	  <datafield tag="260" ind1=" " ind2=" ">
		<subfield code="a">Oxford, England :</subfield>
		<subfield code="b">Gimell,</subfield>
		<subfield code="c">p1986.</subfield>
	  </datafield>
	  <datafield tag="300" ind1=" " ind2=" ">
		<subfield code="a">1 sound disc :</subfield>
		<subfield code="b">digital, stereo. ;</subfield>
		<subfield code="c">4 3/4 in.</subfield>
	  </datafield>
	  <datafield tag="306" ind1=" " ind2=" ">
		<subfield code="a">002200</subfield>
		<subfield code="a">002500</subfield>
		<subfield code="a">000230</subfield>
	  </datafield>
	  <datafield tag="490" ind1="1" ind2=" ">
		<subfield code="a">Palestrina Masses</subfield>
	  </datafield>
	  <datafield tag="500" ind1=" " ind2=" ">
		<subfield code="a">The Primavera work is a madrigal.</subfield>
	  </datafield>
	  <datafield tag="546" ind1=" " ind2=" ">
		<subfield code="a">The Palestrina works sung in Latin, the Primavera in Italian.</subfield>
	  </datafield>
	  <datafield tag="511" ind1="0" ind2=" ">
		<subfield code="a">The Tallis Scholars, vocal ensemble ; Peter Phillips, conductor.</subfield>
	  </datafield>
	  <datafield tag="518" ind1=" " ind2=" ">
		<subfield code="a">Recorded in Merton College Chapel, Oxford.</subfield>
	  </datafield>
	  <datafield tag="500" ind1=" " ind2=" ">
		<subfield code="a">Compact disc.</subfield>
	  </datafield>
	  <datafield tag="500" ind1=" " ind2=" ">
		<subfield code="a">Durations: 22:00; 25:00; 2:30.</subfield>
	  </datafield>
	  <datafield tag="500" ind1=" " ind2=" ">
		<subfield code="a">Program notes in English, French, German, and Italian by Peter Phillips and words of the madrigal with English, French, and German translations (11 p.) in container.</subfield>
	  </datafield>
	  <datafield tag="650" ind1=" " ind2="0">
		<subfield code="a">Masses, Unaccompanied.</subfield>
	  </datafield>
	  <datafield tag="650" ind1=" " ind2="0">
		<subfield code="a">Madrigals, Italian.</subfield>
	  </datafield>
	  <datafield tag="650" ind1=" " ind2="0">
		<subfield code="a">Vocal sextets, Unaccompanied.</subfield>
	  </datafield>
	  <datafield tag="650" ind1=" " ind2="4">
		<subfield code="a">TBA</subfield>
	  </datafield>
	  <datafield tag="700" ind1="1" ind2=" ">
		<subfield code="a">Phillips, Peter,</subfield>
		<subfield code="d">1953- </subfield>
		<subfield code="4">cnd</subfield>
	  </datafield>
	  <datafield tag="700" ind1="1" ind2="2">
		<subfield code="a">Palestrina, Giovanni Pierluigi da,</subfield>
		<subfield code="d">1525?-1594.</subfield>
		<subfield code="t">Masses,</subfield>
		<subfield code="n">book 5.</subfield>
		<subfield code="p">Missa Nasce la gioia mia.</subfield>
	  </datafield>
	  <datafield tag="700" ind1="1" ind2="2">
		<subfield code="a">Primavera, Giovan Leonardo,</subfield>
		<subfield code="d">16th cent.</subfield>
		<subfield code="t">Madrigals,</subfield>
		<subfield code="n">bk. 1-2.</subfield>
		<subfield code="p">Nasce la gioja mia.</subfield>
	  </datafield>
	  <datafield tag="710" ind1="2" ind2=" ">
		<subfield code="a">Tallis Scholars.</subfield>
		<subfield code="4">prf</subfield>
	  </datafield>
	  <datafield tag="740" ind1="0" ind2=" ">
		<subfield code="a">Missa brevis.</subfield>
	  </datafield>
	  <datafield tag="740" ind1="0" ind2=" ">
		<subfield code="a">Missa Nasce la gioja mia.</subfield>
	  </datafield>
	  <datafield tag="740" ind1="0" ind2=" ">
		<subfield code="a">Nasce la gioja mia.</subfield>
	  </datafield>
	  <datafield tag="810" ind1="2" ind2=" ">
		<subfield code="a">Tallis Scholars.</subfield>
		<subfield code="t">Palestrina Masses.</subfield>
	  </datafield>
	  <datafield tag="856" ind1="4" ind2="1">
		<subfield code="u">http://purl.dlib.indiana.edu/iudl/variations/sound/ACM4828</subfield>
	  </datafield>
	  <datafield tag="998" ind1=" " ind2=" ">
		<subfield code="a">4/22/1992</subfield>
		<subfield code="b">5/18/1999</subfield>
		<subfield code="c">4/22/1992</subfield>
	  </datafield>
	  <datafield tag="596" ind1=" " ind2=" ">
		<subfield code="a">20</subfield>
	  </datafield>
	  <datafield tag="999" ind1=" " ind2=" ">
		<subfield code="a">CD .P157 D5.5-1</subfield>
		<subfield code="w">ASIS</subfield>
		<subfield code="c">1</subfield>
		<subfield code="i">30000003457227</subfield>
		<subfield code="d">3/21/2006</subfield>
		<subfield code="e">3/21/2006</subfield>
		<subfield code="l">CD</subfield>
		<subfield code="m">B-MUSIC</subfield>
		<subfield code="n">25</subfield>
		<subfield code="q">5</subfield>
		<subfield code="r">Y</subfield>
		<subfield code="s">Y</subfield>
		<subfield code="t">AV</subfield>
		<subfield code="u">11/5/2000</subfield>
		<subfield code="z">CD</subfield>
		<subfield code="o">.STAFF. Includes 1 insert</subfield>
	  </datafield>
	  <datafield tag="999" ind1=" " ind2=" ">
		<subfield code="a">CD .P157 D5.5-1</subfield>
		<subfield code="w">ASIS</subfield>
		<subfield code="c">2</subfield>
		<subfield code="i">30000035947443</subfield>
		<subfield code="d">8/8/2009</subfield>
		<subfield code="e">8/8/2009</subfield>
		<subfield code="l">CD</subfield>
		<subfield code="m">B-MUSIC</subfield>
		<subfield code="n">10</subfield>
		<subfield code="q">5</subfield>
		<subfield code="r">Y</subfield>
		<subfield code="s">Y</subfield>
		<subfield code="t">AV</subfield>
		<subfield code="u">11/5/2000</subfield>
		<subfield code="z">CD</subfield>
		<subfield code="o">.STAFF.  Includes 1 insert</subfield>
		<subfield code="o">.STAFF.  Includes 1 insert</subfield>
	  </datafield>
	  <datafield tag="999" ind1=" " ind2=" ">
		<subfield code="a">ACM4828</subfield>
		<subfield code="w">ASIS</subfield>
		<subfield code="c">1</subfield>
		<subfield code="i">30000028994626</subfield>
		<subfield code="d">10/6/2006</subfield>
		<subfield code="e">10/6/2006</subfield>
		<subfield code="l">_MUEMACD</subfield>
		<subfield code="m">B-MUSIC</subfield>
		<subfield code="n">8</subfield>
		<subfield code="q">2</subfield>
		<subfield code="r">Y</subfield>
		<subfield code="s">Y</subfield>
		<subfield code="t">AV</subfield>
		<subfield code="u">11/5/2000</subfield>
		<subfield code="x">EARLYMUSIC</subfield>
		<subfield code="z">CD</subfield>
		<subfield code="o">.STAFF.  Includes 1 insert.</subfield>
	  </datafield>
	</record>