
	<record>
	  <leader>01722cam a2200361 a 45 0</leader>
	  <controlfield tag="001">a260405</controlfield>
	  <controlfield tag="003">InU</controlfield>
	  <controlfield tag="008">920207s1991    fr ab    b    10010 fre d</controlfield>
	  <datafield tag="020" ind1=" " ind2=" ">
		<subfield code="a">273550235X</subfield>
	  </datafield>
	  <datafield tag="035" ind1=" " ind2=" ">
		<subfield code="a">(InU)ACM3147BB</subfield>
	  </datafield>
	  <datafield tag="035" ind1=" " ind2=" ">
		<subfield code="a">(OCoLC)ocm25235401</subfield>
	  </datafield>
	  <datafield tag="040" ind1=" " ind2=" ">
		<subfield code="a">FIL</subfield>
		<subfield code="b">fre</subfield>
		<subfield code="c">FIL</subfield>
		<subfield code="d">IUL</subfield>
	  </datafield>
	  <datafield tag="041" ind1="0" ind2=" ">
		<subfield code="a">fre</subfield>
		<subfield code="b">eng</subfield>
	  </datafield>
	  <datafield tag="043" ind1=" " ind2=" ">
		<subfield code="a">e------</subfield>
	  </datafield>
	  <datafield tag="111" ind1="2" ind2="0">
		<subfield code="a">Congrès national des sociétés savantes</subfield>
		<subfield code="n">(114th :</subfield>
		<subfield code="d">1989 :</subfield>
		<subfield code="c">Paris, France)</subfield>
	  </datafield>
	  <datafield tag="245" ind1="1" ind2="4">
		<subfield code="a">Les premiers européens :</subfield>
		<subfield code="b">actes du 114e Congrès national des sociétés savantes, Paris 3-9 avril 1989 /</subfield>
		<subfield code="c">sous la direction de Eugène Bonifay et Bernard Vandermeersch.</subfield>
	  </datafield>
	  <datafield tag="260" ind1="0" ind2=" ">
		<subfield code="a">Paris :</subfield>
		<subfield code="b">Comité des travaux historiques et scientifiques,</subfield>
		<subfield code="c">1991.</subfield>
	  </datafield>
	  <datafield tag="300" ind1=" " ind2=" ">
		<subfield code="a">319 p. :</subfield>
		<subfield code="b">ill., maps ;</subfield>
		<subfield code="c">27 cm.</subfield>
	  </datafield>
	  <datafield tag="500" ind1=" " ind2=" ">
		<subfield code="a">Summaries of papers also in English.</subfield>
	  </datafield>
	  <datafield tag="500" ind1=" " ind2=" ">
		<subfield code="a">At head of title: Ministère de l'éducation nationale, Comité des travaux historiques et scientifiques, Section de préhistoire et de protohistoire.</subfield>
	  </datafield>
	  <datafield tag="504" ind1=" " ind2=" ">
		<subfield code="a">Includes bibliographical references.</subfield>
	  </datafield>
	  <datafield tag="591" ind1=" " ind2=" ">
		<subfield code="a"></subfield>
	  </datafield>
	  <datafield tag="650" ind1=" " ind2="0">
		<subfield code="a">Prehistoric peoples</subfield>
		<subfield code="z">Europe</subfield>
		<subfield code="x">Congresses.</subfield>
	  </datafield>
	  <datafield tag="651" ind1=" " ind2="0">
		<subfield code="a">Europe</subfield>
		<subfield code="x">Antiquities</subfield>
		<subfield code="x">Congresses.</subfield>
	  </datafield>
	  <datafield tag="650" ind1=" " ind2="0">
		<subfield code="a">Paleolithic period</subfield>
		<subfield code="z">Europe</subfield>
		<subfield code="x">Congresses.</subfield>
	  </datafield>
	  <datafield tag="700" ind1="1" ind2="1">
		<subfield code="a">Bonifay, Eugène.</subfield>
	  </datafield>
	  <datafield tag="700" ind1="1" ind2="1">
		<subfield code="a">Vandermeersch, Bernard.</subfield>
	  </datafield>
	  <datafield tag="710" ind1="1" ind2="1">
		<subfield code="a">France</subfield>
		<subfield code="b">Comité des travaux historiques et scientifiques</subfield>
	  </datafield>
	  <datafield tag="710" ind1="1" ind2="1">
		<subfield code="a">France.</subfield>
		<subfield code="b">Commission de pré- et protohistoire.</subfield>
	  </datafield>
	  <datafield tag="811" ind1="2" ind2=" ">
		<subfield code="a">Congrès national des sociétés savantes.</subfield>
		<subfield code="t">Actes du... Congrès national des sociétés savantes.</subfield>
		<subfield code="p">Commission de pré- et protohistoire ;</subfield>
		<subfield code="v">114.</subfield>
	  </datafield>
	  <datafield tag="998" ind1=" " ind2=" ">
		<subfield code="a">4/21/1992</subfield>
		<subfield code="b">10/10/1996</subfield>
		<subfield code="c">4/21/1992</subfield>
	  </datafield>
	  <datafield tag="596" ind1=" " ind2=" ">
		<subfield code="a">1</subfield>
	  </datafield>
	  <datafield tag="999" ind1=" " ind2=" ">
		<subfield code="a">GN770.2.A1 C662 1991</subfield>
		<subfield code="w">LC</subfield>
		<subfield code="c">1</subfield>
		<subfield code="i">30000027570138</subfield>
		<subfield code="d">10/21/2008</subfield>
		<subfield code="e">9/28/2008</subfield>
		<subfield code="l">_RCSTACKS</subfield>
		<subfield code="m">B-WELLS</subfield>
		<subfield code="n">17</subfield>
		<subfield code="r">Y</subfield>
		<subfield code="s">Y</subfield>
		<subfield code="t">NORMAL</subfield>
		<subfield code="u">11/5/2000</subfield>
	  </datafield>
	</record>