
	<record>
	  <leader>01861cam a2200349   45 0</leader>
	  <controlfield tag="001">a252017</controlfield>
	  <controlfield tag="003">InU</controlfield>
	  <controlfield tag="008">720121s1968    mau           100 0 eng d</controlfield>
	  <datafield tag="035" ind1=" " ind2=" ">
		<subfield code="a">(InU)ACK8524BB</subfield>
	  </datafield>
	  <datafield tag="035" ind1=" " ind2=" ">
		<subfield code="a">(OCoLC)ocm00225250</subfield>
	  </datafield>
	  <datafield tag="110" ind1="2" ind2="0">
		<subfield code="a">International Union for Quaternary Research.</subfield>
	  </datafield>
	  <datafield tag="245" ind1="1" ind2="0">
		<subfield code="a">Causes of climatic change;</subfield>
		<subfield code="b">a collection of papers derived from the INQUA-NCAR Symposium on causes of climatic change, Aug. 3-31, 1965, Boulder, Colorado.</subfield>
		<subfield code="c">Edited by J. Murray Mitchell.</subfield>
	  </datafield>
	  <datafield tag="260" ind1="0" ind2=" ">
		<subfield code="a">Boston,</subfield>
		<subfield code="b">American Meteorological Society,</subfield>
		<subfield code="c">1968.</subfield>
	  </datafield>
	  <datafield tag="300" ind1=" " ind2=" ">
		<subfield code="a">159 p.</subfield>
		<subfield code="b">illus.</subfield>
		<subfield code="c">30 cm.</subfield>
	  </datafield>
	  <datafield tag="490" ind1="1" ind2=" ">
		<subfield code="a">Meteorological monographs, v.8, no. 30.</subfield>
	  </datafield>
	  <datafield tag="490" ind1="1" ind2=" ">
		<subfield code="a">International Union for Quaternary Research. Proceedings VII Congress,</subfield>
		<subfield code="v">v. 5</subfield>
	  </datafield>
	  <datafield tag="500" ind1=" " ind2=" ">
		<subfield code="a">Co-sponsored by the International Union for Quaternary Research and the National Center for Atmospheric Research.</subfield>
	  </datafield>
	  <datafield tag="500" ind1=" " ind2=" ">
		<subfield code="a">Seventh Congress sponsored by U.S. National Academy of Sciences, National Research Council.</subfield>
	  </datafield>
	  <datafield tag="591" ind1=" " ind2=" ">
		<subfield code="a"></subfield>
	  </datafield>
	  <datafield tag="650" ind1=" " ind2="0">
		<subfield code="a">Climatology.</subfield>
	  </datafield>
	  <datafield tag="650" ind1=" " ind2="0">
		<subfield code="a">Paleoclimatology.</subfield>
	  </datafield>
	  <datafield tag="710" ind1="2" ind2="0">
		<subfield code="a">National Research Council (U.S.)</subfield>
	  </datafield>
	  <datafield tag="700" ind1="1" ind2="0">
		<subfield code="a">Mitchell, J. Murray</subfield>
		<subfield code="q">(John Murray),</subfield>
		<subfield code="d">1928-</subfield>
		<subfield code="e">ed.</subfield>
	  </datafield>
	  <datafield tag="710" ind1="2" ind2="0">
		<subfield code="a">National Center for Atmospheric Research (U.S.)</subfield>
	  </datafield>
	  <datafield tag="830" ind1=" " ind2="0">
		<subfield code="a">Meteorological monographs (American Meteorological Society) ;</subfield>
		<subfield code="v">v.8,</subfield>
		<subfield code="v">no. 30.</subfield>
	  </datafield>
	  <datafield tag="811" ind1="2" ind2=" ">
		<subfield code="a">International Congress on Quaternary</subfield>
		<subfield code="n">(7th :</subfield>
		<subfield code="d">1965 :</subfield>
		<subfield code="d">Denver, Colo. and Boulder, Colo.).</subfield>
		<subfield code="t">Proceedings ;</subfield>
		<subfield code="v">v. 5.</subfield>
	  </datafield>
	  <datafield tag="998" ind1=" " ind2=" ">
		<subfield code="a">4/1/1992</subfield>
		<subfield code="b">11/1/1995</subfield>
		<subfield code="c">4/1/1992</subfield>
	  </datafield>
	  <datafield tag="596" ind1=" " ind2=" ">
		<subfield code="a">5 11</subfield>
	  </datafield>
	  <datafield tag="593" ind1=" " ind2=" ">
		<subfield code="a">B-LIFESCI</subfield>
		<subfield code="b">STACKS</subfield>
		<subfield code="c">QE 000696 .I63  V.000005</subfield>
		<subfield code="h">SELECTED</subfield>
		<subfield code="i">1</subfield>
	  </datafield>
	  <datafield tag="999" ind1=" " ind2=" ">
		<subfield code="a">QE696 .I63 v.5</subfield>
		<subfield code="w">LC</subfield>
		<subfield code="c">1</subfield>
		<subfield code="i">32000002661355</subfield>
		<subfield code="d">1/7/2002</subfield>
		<subfield code="e">9/19/2001</subfield>
		<subfield code="l">STACKS</subfield>
		<subfield code="m">B-GEOLOGY</subfield>
		<subfield code="n">1</subfield>
		<subfield code="q">1</subfield>
		<subfield code="r">Y</subfield>
		<subfield code="s">Y</subfield>
		<subfield code="t">NORMAL</subfield>
		<subfield code="u">11/5/2000</subfield>
	  </datafield>
	  <datafield tag="999" ind1=" " ind2=" ">
		<subfield code="a">QE696 .I63 v.5</subfield>
		<subfield code="w">LC</subfield>
		<subfield code="c">1</subfield>
		<subfield code="i">30000098567203</subfield>
		<subfield code="l">_ALF</subfield>
		<subfield code="m">B-ALF</subfield>
		<subfield code="r">Y</subfield>
		<subfield code="s">Y</subfield>
		<subfield code="t">NORMAL</subfield>
		<subfield code="u">11/5/2000</subfield>
	  </datafield>
	  <datafield tag="999" ind1=" " ind2=" ">
		<subfield code="a">QE696 .I63 v.5</subfield>
		<subfield code="w">LC</subfield>
		<subfield code="c">2</subfield>
		<subfield code="i">30000112192830</subfield>
		<subfield code="l">_ALF</subfield>
		<subfield code="m">B-ALF</subfield>
		<subfield code="r">Y</subfield>
		<subfield code="s">Y</subfield>
		<subfield code="t">NORMAL</subfield>
		<subfield code="u">11/5/2000</subfield>
	  </datafield>
	</record>