
	<record>
	  <leader>01404cam a2200337 a 45 0</leader>
	  <controlfield tag="001">a246875</controlfield>
	  <controlfield tag="003">InU</controlfield>
	  <controlfield tag="008">910709s1990    no ab    b    000 0 eng  </controlfield>
	  <datafield tag="010" ind1=" " ind2=" ">
		<subfield code="a">   91169942</subfield>
	  </datafield>
	  <datafield tag="019" ind1=" " ind2=" ">
		<subfield code="a">24033094</subfield>
	  </datafield>
	  <datafield tag="020" ind1=" " ind2=" ">
		<subfield code="a">8290584148</subfield>
	  </datafield>
	  <datafield tag="035" ind1=" " ind2=" ">
		<subfield code="a">(InU)ACJ8860BB</subfield>
	  </datafield>
	  <datafield tag="035" ind1=" " ind2=" ">
		<subfield code="a">(OCoLC)ocm24377731</subfield>
	  </datafield>
	  <datafield tag="040" ind1=" " ind2=" ">
		<subfield code="a">DLC</subfield>
		<subfield code="c">DLC</subfield>
		<subfield code="d">IUL</subfield>
	  </datafield>
	  <datafield tag="043" ind1=" " ind2=" ">
		<subfield code="a">e-no---</subfield>
		<subfield code="a">f-mz---</subfield>
	  </datafield>
	  <datafield tag="049" ind1=" " ind2=" ">
		<subfield code="a">IULA</subfield>
	  </datafield>
	  <datafield tag="050" ind1="0" ind2="0">
		<subfield code="a">HC890</subfield>
		<subfield code="b">.B76 1990</subfield>
	  </datafield>
	  <datafield tag="082" ind1="0" ind2="0">
		<subfield code="a">338.9/14810679</subfield>
		<subfield code="2">20</subfield>
	  </datafield>
	  <datafield tag="100" ind1="1" ind2="0">
		<subfield code="a">Brochmann, Grete.</subfield>
	  </datafield>
	  <datafield tag="245" ind1="1" ind2="0">
		<subfield code="a">Mozambique :</subfield>
		<subfield code="b">Norwegian assistance in a context of crisis : country study and Norwegian aid review /</subfield>
		<subfield code="c">Grete Brochmann and Arve Ofstad ; with contributions by Yussuf Adam, Tore Linné Eriksen, Kenneth Hermele.</subfield>
	  </datafield>
	  <datafield tag="260" ind1="0" ind2=" ">
		<subfield code="a">Fantoft, Norway :</subfield>
		<subfield code="b">Chr. Michelsen Institute, Dept. of Social Science and Development,</subfield>
		<subfield code="c">1990.</subfield>
	  </datafield>
	  <datafield tag="300" ind1=" " ind2=" ">
		<subfield code="a">xxvii, 173 p. :</subfield>
		<subfield code="b">ill., maps ;</subfield>
		<subfield code="c">22 cm.</subfield>
	  </datafield>
	  <datafield tag="490" ind1="1" ind2=" ">
		<subfield code="a">Report,</subfield>
		<subfield code="x">0803-0030 ;</subfield>
		<subfield code="v">R 1990:4</subfield>
	  </datafield>
	  <datafield tag="504" ind1=" " ind2=" ">
		<subfield code="a">Includes bibliographical references (p. 167-173).</subfield>
	  </datafield>
	  <datafield tag="650" ind1=" " ind2="0">
		<subfield code="a">Economic assistance, Norwegian</subfield>
		<subfield code="z">Mozambique.</subfield>
	  </datafield>
	  <datafield tag="650" ind1=" " ind2="0">
		<subfield code="a">Economic development projects</subfield>
		<subfield code="z">Mozambique.</subfield>
	  </datafield>
	  <datafield tag="700" ind1="1" ind2="0">
		<subfield code="a">Ofstad, Arve.</subfield>
	  </datafield>
	  <datafield tag="830" ind1=" " ind2="0">
		<subfield code="a">Report (Chr. Michelsens institutt. Avdeling for samfunnsvitenskap og utvikling) ;</subfield>
		<subfield code="v">R 1990:4.</subfield>
	  </datafield>
	  <datafield tag="998" ind1=" " ind2=" ">
		<subfield code="a">3/19/1992</subfield>
		<subfield code="b">3/19/1992</subfield>
		<subfield code="c">3/19/1992</subfield>
	  </datafield>
	  <datafield tag="596" ind1=" " ind2=" ">
		<subfield code="a">6</subfield>
	  </datafield>
	  <datafield tag="999" ind1=" " ind2=" ">
		<subfield code="a">HC890 .B76 1990</subfield>
		<subfield code="w">LC</subfield>
		<subfield code="c">1</subfield>
		<subfield code="i">30000001286560</subfield>
		<subfield code="d">11/16/1998</subfield>
		<subfield code="e">11/16/1998</subfield>
		<subfield code="k">LOST</subfield>
		<subfield code="l">STACKS</subfield>
		<subfield code="m">B-BUSSPEA</subfield>
		<subfield code="n">3</subfield>
		<subfield code="r">M</subfield>
		<subfield code="s">Y</subfield>
		<subfield code="t">NORMAL</subfield>
		<subfield code="u">11/5/2000</subfield>
	  </datafield>
	</record>