
	<record>
	  <leader>01035cam a22002895a 45 0</leader>
	  <controlfield tag="001">a246951</controlfield>
	  <controlfield tag="003">InU</controlfield>
	  <controlfield tag="008">910819s1990    enka          000 0 eng d</controlfield>
	  <datafield tag="020" ind1=" " ind2=" ">
		<subfield code="a">0569092574</subfield>
	  </datafield>
	  <datafield tag="035" ind1=" " ind2=" ">
		<subfield code="a">(InU)ACJ8968BB</subfield>
	  </datafield>
	  <datafield tag="035" ind1=" " ind2=" ">
		<subfield code="a">(OCoLC)ocm24249615</subfield>
	  </datafield>
	  <datafield tag="040" ind1=" " ind2=" ">
		<subfield code="a">EUE</subfield>
		<subfield code="c">EUE</subfield>
		<subfield code="d">IUL</subfield>
	  </datafield>
	  <datafield tag="049" ind1=" " ind2=" ">
		<subfield code="a">IULA</subfield>
	  </datafield>
	  <datafield tag="245" ind1="0" ind2="0">
		<subfield code="a">Perestroika, the crunch is now :</subfield>
		<subfield code="b">a collection of press articles and interviews /</subfield>
		<subfield code="c">edited by Lena Krishtoff and Eva Skelley.</subfield>
	  </datafield>
	  <datafield tag="260" ind1="0" ind2=" ">
		<subfield code="a">Wellingborough :</subfield>
		<subfield code="b">Collets,</subfield>
		<subfield code="c"> c1990.</subfield>
	  </datafield>
	  <datafield tag="300" ind1=" " ind2=" ">
		<subfield code="a">439 p. :</subfield>
		<subfield code="b">ill. ;</subfield>
		<subfield code="c">20 cm.</subfield>
	  </datafield>
	  <datafield tag="490" ind1="1" ind2=" ">
		<subfield code="a">Soviet scene ;</subfield>
		<subfield code="v">1990</subfield>
	  </datafield>
	  <datafield tag="500" ind1=" " ind2=" ">
		<subfield code="a">Includes index.</subfield>
	  </datafield>
	  <datafield tag="651" ind1=" " ind2="0">
		<subfield code="a">Soviet Union</subfield>
		<subfield code="x">Politics and government</subfield>
		<subfield code="y">1985-1991.</subfield>
	  </datafield>
	  <datafield tag="651" ind1=" " ind2="0">
		<subfield code="a">Soviet Union</subfield>
		<subfield code="x">Economic conditions</subfield>
		<subfield code="y">1985-1991.</subfield>
	  </datafield>
	  <datafield tag="650" ind1=" " ind2="0">
		<subfield code="a">Perestroĭka.</subfield>
	  </datafield>
	  <datafield tag="700" ind1="1" ind2="0">
		<subfield code="a">Krishtoff, Lena.</subfield>
	  </datafield>
	  <datafield tag="700" ind1="1" ind2="0">
		<subfield code="a">Skelley, Eva.</subfield>
	  </datafield>
	  <datafield tag="830" ind1=" " ind2="0">
		<subfield code="a">Sovetskai͡a panorama.</subfield>
		<subfield code="l">English ;</subfield>
		<subfield code="v">1990.</subfield>
	  </datafield>
	  <datafield tag="998" ind1=" " ind2=" ">
		<subfield code="a">3/19/1992</subfield>
		<subfield code="b">6/5/1992</subfield>
		<subfield code="c">3/19/1992</subfield>
	  </datafield>
	  <datafield tag="596" ind1=" " ind2=" ">
		<subfield code="a">1</subfield>
	  </datafield>
	  <datafield tag="999" ind1=" " ind2=" ">
		<subfield code="a">DK288 .P477 1990</subfield>
		<subfield code="w">LC</subfield>
		<subfield code="c">1</subfield>
		<subfield code="i">30000027337744</subfield>
		<subfield code="d">12/13/2001</subfield>
		<subfield code="e">11/4/2001</subfield>
		<subfield code="l">_RCSTACKS</subfield>
		<subfield code="m">B-WELLS</subfield>
		<subfield code="n">6</subfield>
		<subfield code="q">1</subfield>
		<subfield code="r">Y</subfield>
		<subfield code="s">Y</subfield>
		<subfield code="t">NORMAL</subfield>
		<subfield code="u">11/5/2000</subfield>
	  </datafield>
	</record>