
	<record>
	  <leader>00759cam a2200241 a 45 0</leader>
	  <controlfield tag="001">a246958</controlfield>
	  <controlfield tag="003">InU</controlfield>
	  <controlfield tag="008">890518s1987    quc           000 1 fre d</controlfield>
	  <datafield tag="020" ind1=" " ind2=" ">
		<subfield code="a">276093425X :</subfield>
		<subfield code="c">6,95 $</subfield>
	  </datafield>
	  <datafield tag="035" ind1=" " ind2=" ">
		<subfield code="a">(InU)ACJ8983NW</subfield>
	  </datafield>
	  <datafield tag="035" ind1=" " ind2=" ">
		<subfield code="a">(OCoLC)ocm19730830</subfield>
	  </datafield>
	  <datafield tag="040" ind1=" " ind2=" ">
		<subfield code="a">LUU</subfield>
		<subfield code="c">LUU</subfield>
		<subfield code="d">IUL</subfield>
	  </datafield>
	  <datafield tag="049" ind1=" " ind2=" ">
		<subfield code="a">IULA</subfield>
	  </datafield>
	  <datafield tag="100" ind1="1" ind2="0">
		<subfield code="a">Parizeau, Alice,</subfield>
		<subfield code="d">1930-</subfield>
	  </datafield>
	  <datafield tag="245" ind1="1" ind2="0">
		<subfield code="a">Rue Sherbrooke ouest :</subfield>
		<subfield code="b">roman /</subfield>
		<subfield code="c">Alice Parizeau.</subfield>
	  </datafield>
	  <datafield tag="260" ind1="0" ind2=" ">
		<subfield code="a">[Montréal] :</subfield>
		<subfield code="b">Leméac,</subfield>
		<subfield code="c">1987.</subfield>
	  </datafield>
	  <datafield tag="300" ind1=" " ind2=" ">
		<subfield code="a">188 p. ;</subfield>
		<subfield code="c">18 cm.</subfield>
	  </datafield>
	  <datafield tag="490" ind1="1" ind2=" ">
		<subfield code="a">Poche Québec ;</subfield>
		<subfield code="v">24.</subfield>
		<subfield code="a">Littérature</subfield>
	  </datafield>
	  <datafield tag="830" ind1=" " ind2="0">
		<subfield code="a">Poche Québec ;</subfield>
		<subfield code="v">24.</subfield>
	  </datafield>
	  <datafield tag="830" ind1=" " ind2="0">
		<subfield code="a">Poche Québec.</subfield>
		<subfield code="p">Littérature.</subfield>
	  </datafield>
	  <datafield tag="998" ind1=" " ind2=" ">
		<subfield code="a">3/19/1992</subfield>
		<subfield code="b">4/17/1992</subfield>
		<subfield code="c">3/19/1992</subfield>
	  </datafield>
	  <datafield tag="596" ind1=" " ind2=" ">
		<subfield code="a">44</subfield>
	  </datafield>
	  <datafield tag="999" ind1=" " ind2=" ">
		<subfield code="a">PQ3919.2.P37 R8 1987</subfield>
		<subfield code="w">LC</subfield>
		<subfield code="c">1</subfield>
		<subfield code="i">30000027337801</subfield>
		<subfield code="l">STACKS</subfield>
		<subfield code="m">NORTHWEST</subfield>
		<subfield code="r">Y</subfield>
		<subfield code="s">Y</subfield>
		<subfield code="t">NORMAL</subfield>
		<subfield code="u">11/5/2000</subfield>
	  </datafield>
	</record>