
	<record>
	  <leader>01002cam a2200277 a 45 0</leader>
	  <controlfield tag="001">a246960</controlfield>
	  <controlfield tag="003">InU</controlfield>
	  <controlfield tag="008">960322s1990    ru c   d      000 0 tut d</controlfield>
	  <datafield tag="035" ind1=" " ind2=" ">
		<subfield code="a">(InU)ACJ8986BB</subfield>
	  </datafield>
	  <datafield tag="035" ind1=" " ind2=" ">
		<subfield code="a">(OCoLC)ocm34432537</subfield>
	  </datafield>
	  <datafield tag="040" ind1=" " ind2=" ">
		<subfield code="a">IUL</subfield>
		<subfield code="c">IUL</subfield>
	  </datafield>
	  <datafield tag="049" ind1=" " ind2=" ">
		<subfield code="a">IULA</subfield>
	  </datafield>
	  <datafield tag="090" ind1=" " ind2=" ">
		<subfield code="a">PL364.A2</subfield>
		<subfield code="b">S254 1990</subfield>
	  </datafield>
	  <datafield tag="245" ind1="0" ind2="0">
		<subfield code="a">Sakha literaturata :</subfield>
		<subfield code="b">khrestomatiĭa : /</subfield>
		<subfield code="c">[sostaviteli Kardashevskiĭ, Georgiĭ Romanovich ; Rozhin, Ivan Nikolaevich].</subfield>
	  </datafield>
	  <datafield tag="246" ind1="1" ind2=" ">
		<subfield code="i">Title from Russian colophon:</subfield>
		<subfield code="a">I͡Akutskai͡a literatura</subfield>
	  </datafield>
	  <datafield tag="250" ind1=" " ind2=" ">
		<subfield code="a">4. takhsyyta.</subfield>
	  </datafield>
	  <datafield tag="260" ind1=" " ind2=" ">
		<subfield code="a">I͡Akutskaĭ :</subfield>
		<subfield code="b">Sakha sirinėėghi kinigė izd-vota,</subfield>
		<subfield code="c">1990.</subfield>
	  </datafield>
	  <datafield tag="300" ind1=" " ind2=" ">
		<subfield code="a">244 p. :</subfield>
		<subfield code="b">ports. ;</subfield>
		<subfield code="c">22 cm.</subfield>
	  </datafield>
	  <datafield tag="546" ind1=" " ind2=" ">
		<subfield code="a">In Yakut.</subfield>
	  </datafield>
	  <datafield tag="591" ind1=" " ind2=" ">
		<subfield code="a"></subfield>
	  </datafield>
	  <datafield tag="650" ind1=" " ind2="0">
		<subfield code="a">Yakut literature</subfield>
		<subfield code="x">Textbooks.</subfield>
	  </datafield>
	  <datafield tag="700" ind1="1" ind2=" ">
		<subfield code="a">Kardashevskiĭ, G. R.</subfield>
		<subfield code="q">(Georgiĭ Romanovich)</subfield>
	  </datafield>
	  <datafield tag="700" ind1="1" ind2=" ">
		<subfield code="a">Rozhin, I. N.</subfield>
		<subfield code="q">(Ivan Nikolaevich)</subfield>
	  </datafield>
	  <datafield tag="998" ind1=" " ind2=" ">
		<subfield code="a">3/19/1992</subfield>
		<subfield code="b">3/22/1996</subfield>
		<subfield code="c">3/22/1996</subfield>
	  </datafield>
	  <datafield tag="596" ind1=" " ind2=" ">
		<subfield code="a">1</subfield>
	  </datafield>
	  <datafield tag="999" ind1=" " ind2=" ">
		<subfield code="a">PL364.A2 S254 1990</subfield>
		<subfield code="w">LC</subfield>
		<subfield code="c">1</subfield>
		<subfield code="i">30000027274046</subfield>
		<subfield code="d">3/28/1996</subfield>
		<subfield code="l">_RCSTACKS</subfield>
		<subfield code="m">B-WELLS</subfield>
		<subfield code="q">1</subfield>
		<subfield code="r">Y</subfield>
		<subfield code="s">Y</subfield>
		<subfield code="t">NORMAL</subfield>
		<subfield code="u">11/5/2000</subfield>
	  </datafield>
	</record>