
	<record>
	  <leader>01332ccm a2200397 i 45 0</leader>
	  <controlfield tag="001">a246962</controlfield>
	  <controlfield tag="003">InU</controlfield>
	  <controlfield tag="008">750708s1974    gw coa   h     n 1??N/A  </controlfield>
	  <datafield tag="010" ind1=" " ind2=" ">
		<subfield code="a">   75764983 /M</subfield>
	  </datafield>
	  <datafield tag="019" ind1=" " ind2=" ">
		<subfield code="a">1746720</subfield>
	  </datafield>
	  <datafield tag="028" ind1="3" ind2="0">
		<subfield code="a">6323</subfield>
		<subfield code="b">B. Schott's Söhne</subfield>
	  </datafield>
	  <datafield tag="035" ind1=" " ind2=" ">
		<subfield code="a">(InU)ACJ8990SB</subfield>
	  </datafield>
	  <datafield tag="035" ind1=" " ind2=" ">
		<subfield code="a">(OCoLC)ocm01435251</subfield>
	  </datafield>
	  <datafield tag="035" ind1=" " ind2=" ">
		<subfield code="9">(BM)BHR4708</subfield>
	  </datafield>
	  <datafield tag="040" ind1=" " ind2=" ">
		<subfield code="a">DLC</subfield>
		<subfield code="c">OBM</subfield>
		<subfield code="d">OCL</subfield>
		<subfield code="d">m/c</subfield>
		<subfield code="d">IUG</subfield>
	  </datafield>
	  <datafield tag="041" ind1="0" ind2=" ">
		<subfield code="g">gereng</subfield>
	  </datafield>
	  <datafield tag="045" ind1=" " ind2=" ">
		<subfield code="a">x6x7</subfield>
	  </datafield>
	  <datafield tag="048" ind1=" " ind2=" ">
		<subfield code="a">on</subfield>
	  </datafield>
	  <datafield tag="049" ind1=" " ind2=" ">
		<subfield code="a">IUGA</subfield>
	  </datafield>
	  <datafield tag="050" ind1="0" ind2=" ">
		<subfield code="a">M947.L54</subfield>
		<subfield code="b">K3</subfield>
	  </datafield>
	  <datafield tag="100" ind1="1" ind2="0">
		<subfield code="a">Ligeti, György,</subfield>
		<subfield code="d">1923-2006.</subfield>
	  </datafield>
	  <datafield tag="240" ind1="1" ind2="0">
		<subfield code="a">Chamber concerto</subfield>
	  </datafield>
	  <datafield tag="245" ind1="1" ind2="0">
		<subfield code="a">Kammerkonzert :</subfield>
		<subfield code="b">für 13 Instrumentalisten (1969-1970) = Chamber concerto /</subfield>
		<subfield code="c">György Ligeti.</subfield>
	  </datafield>
	  <datafield tag="260" ind1="0" ind2=" ">
		<subfield code="a">Mainz :</subfield>
		<subfield code="b">B. Schott's Söhne ;</subfield>
		<subfield code="a">New York :</subfield>
		<subfield code="b">Schott Music Corp.,</subfield>
		<subfield code="c">[c1974]</subfield>
	  </datafield>
	  <datafield tag="300" ind1=" " ind2=" ">
		<subfield code="a">score (106 p.) ;</subfield>
		<subfield code="c">31 cm.</subfield>
	  </datafield>
	  <datafield tag="306" ind1=" " ind2=" ">
		<subfield code="a">002100</subfield>
	  </datafield>
	  <datafield tag="440" ind1=" " ind2="0">
		<subfield code="a">Musik des 20. Jahrhunderts</subfield>
	  </datafield>
	  <datafield tag="500" ind1=" " ind2=" ">
		<subfield code="a">"Edition Schott 6323."</subfield>
	  </datafield>
	  <datafield tag="500" ind1=" " ind2=" ">
		<subfield code="a">For wind, string, and keyboard instruments.</subfield>
	  </datafield>
	  <datafield tag="500" ind1=" " ind2=" ">
		<subfield code="a">Duration: about 21 min.</subfield>
	  </datafield>
	  <datafield tag="500" ind1=" " ind2=" ">
		<subfield code="a">Includes instructions for performance in German and English.</subfield>
	  </datafield>
	  <datafield tag="650" ind1=" " ind2="0">
		<subfield code="a">Instrumental ensembles</subfield>
		<subfield code="x">Scores.</subfield>
	  </datafield>
	  <datafield tag="740" ind1="0" ind2="1">
		<subfield code="a">Chamber concerto.</subfield>
	  </datafield>
	  <datafield tag="998" ind1=" " ind2=" ">
		<subfield code="a">3/19/1992</subfield>
		<subfield code="b">5/4/1993</subfield>
		<subfield code="c">3/19/1992</subfield>
	  </datafield>
	  <datafield tag="596" ind1=" " ind2=" ">
		<subfield code="a">46</subfield>
	  </datafield>
	  <datafield tag="999" ind1=" " ind2=" ">
		<subfield code="a">M947.L63 K3</subfield>
		<subfield code="w">LC</subfield>
		<subfield code="c">1</subfield>
		<subfield code="i">39000018302419</subfield>
		<subfield code="d">1/10/2011</subfield>
		<subfield code="e">1/10/2011</subfield>
		<subfield code="k">CHECKEDOUT</subfield>
		<subfield code="l">STACKS</subfield>
		<subfield code="m">SBEND</subfield>
		<subfield code="n">4</subfield>
		<subfield code="r">M</subfield>
		<subfield code="s">Y</subfield>
		<subfield code="t">NORMAL</subfield>
		<subfield code="u">11/5/2000</subfield>
	  </datafield>
	</record>