
	<record>
	  <leader>01581cjm a2200397   45 0</leader>
	  <controlfield tag="001">a247660</controlfield>
	  <controlfield tag="003">InU</controlfield>
	  <controlfield tag="007">sd-bsmenn----?</controlfield>
	  <controlfield tag="008">790604s1974    nyumsn   deh        spa  </controlfield>
	  <datafield tag="010" ind1=" " ind2=" ">
		<subfield code="a">   74761506 /R</subfield>
	  </datafield>
	  <datafield tag="028" ind1="0" ind2="0">
		<subfield code="a">MFS 753</subfield>
		<subfield code="b">Monitor</subfield>
	  </datafield>
	  <datafield tag="035" ind1=" " ind2=" ">
		<subfield code="a">(InU)ACK0291BM</subfield>
	  </datafield>
	  <datafield tag="035" ind1=" " ind2=" ">
		<subfield code="a">(OCoLC)ocm05033286</subfield>
	  </datafield>
	  <datafield tag="040" ind1=" " ind2=" ">
		<subfield code="a">DLC</subfield>
		<subfield code="c">YQR</subfield>
		<subfield code="d">m.c.</subfield>
		<subfield code="d">m/c</subfield>
		<subfield code="d">IUG</subfield>
	  </datafield>
	  <datafield tag="041" ind1="0" ind2=" ">
		<subfield code="d">spa</subfield>
		<subfield code="e">spaeng</subfield>
		<subfield code="h">spa</subfield>
		<subfield code="g">eng</subfield>
	  </datafield>
	  <datafield tag="049" ind1=" " ind2=" ">
		<subfield code="a">IUGA</subfield>
	  </datafield>
	  <datafield tag="050" ind1="1" ind2="0">
		<subfield code="a">M2010</subfield>
	  </datafield>
	  <datafield tag="100" ind1="1" ind2="0">
		<subfield code="a">Ramírez, Ariel.</subfield>
	  </datafield>
	  <datafield tag="240" ind1="1" ind2="0">
		<subfield code="a">Misa criolla</subfield>
		<subfield code="h">[Sound recording]</subfield>
	  </datafield>
	  <datafield tag="245" ind1="1" ind2="0">
		<subfield code="a">Misa criolla</subfield>
		<subfield code="b">[a folk Mass; the Catholic Mass, based on rhythms &amp; traditions of Hispanic America]</subfield>
	  </datafield>
	  <datafield tag="262" ind1=" " ind2=" ">
		<subfield code="b">Monitor</subfield>
		<subfield code="c">MFS 753.</subfield>
		<subfield code="d">[1974?]</subfield>
	  </datafield>
	  <datafield tag="305" ind1=" " ind2=" ">
		<subfield code="a">on 1 side of 1 disc.</subfield>
		<subfield code="b">33 1/3 rpm. stereo.</subfield>
		<subfield code="c">12 in.</subfield>
	  </datafield>
	  <datafield tag="306" ind1=" " ind2=" ">
		<subfield code="a">001700</subfield>
	  </datafield>
	  <datafield tag="501" ind1=" " ind2=" ">
		<subfield code="a">With: Latin American folk music.</subfield>
	  </datafield>
	  <datafield tag="511" ind1="0" ind2=" ">
		<subfield code="a">Agrupación Música de Buenos-Aires; Enzo Gieco, conductor.</subfield>
	  </datafield>
	  <datafield tag="518" ind1=" " ind2=" ">
		<subfield code="a">Recorded during a performance in St. Julien-le-Pauvre, Paris.</subfield>
	  </datafield>
	  <datafield tag="500" ind1=" " ind2=" ">
		<subfield code="a">"A Pathé-Marconi-EMI, France recording."</subfield>
	  </datafield>
	  <datafield tag="500" ind1=" " ind2=" ">
		<subfield code="a">Duration: about 17 min.</subfield>
	  </datafield>
	  <datafield tag="500" ind1=" " ind2=" ">
		<subfield code="a">Program notes and Spanish text with English translation on container.</subfield>
	  </datafield>
	  <datafield tag="505" ind1="0" ind2=" ">
		<subfield code="a">Kyrie (Vidala-baguala)--Gloria (Carnavalito-yaravi)--Credo (Chacarera trunca)--Sanctus (Carnaval cochabambino)--Agnus Dei (Estilo pampeaño)</subfield>
	  </datafield>
	  <datafield tag="650" ind1=" " ind2="0">
		<subfield code="a">Masses.</subfield>
	  </datafield>
	  <datafield tag="700" ind1="1" ind2="0">
		<subfield code="a">Gieco, Enzo.</subfield>
		<subfield code="4">cnd</subfield>
	  </datafield>
	  <datafield tag="710" ind1="2" ind2="0">
		<subfield code="a">Agrupación Música.</subfield>
		<subfield code="4">prf</subfield>
	  </datafield>
	  <datafield tag="998" ind1=" " ind2=" ">
		<subfield code="a">3/20/1992</subfield>
		<subfield code="b">6/9/1994</subfield>
		<subfield code="c">3/20/1992</subfield>
	  </datafield>
	  <datafield tag="596" ind1=" " ind2=" ">
		<subfield code="a">20</subfield>
	  </datafield>
	  <datafield tag="999" ind1=" " ind2=" ">
		<subfield code="a">LP-S ZL1687.1</subfield>
		<subfield code="w">ASIS</subfield>
		<subfield code="c">1</subfield>
		<subfield code="i">247660-2001</subfield>
		<subfield code="l">PHONORECS</subfield>
		<subfield code="m">B-MUSIC</subfield>
		<subfield code="r">Y</subfield>
		<subfield code="s">Y</subfield>
		<subfield code="t">AV</subfield>
		<subfield code="u">11/5/2000</subfield>
		<subfield code="z">LP</subfield>
		<subfield code="o">.STAFF.  um=FOR CIRCULATION STATUS, TYPE: k=ADJ1580</subfield>
	  </datafield>
	</record>