
	<record>
	  <leader>01043cjm a2200265   45 0</leader>
	  <controlfield tag="001">a249849</controlfield>
	  <controlfield tag="003">InU</controlfield>
	  <controlfield tag="007">sd-bmmdnn----?</controlfield>
	  <controlfield tag="008">920325s1964    xx zzn              N/A d</controlfield>
	  <datafield tag="028" ind1="0" ind2="0">
		<subfield code="a">BE 32664</subfield>
		<subfield code="b">Belwin</subfield>
	  </datafield>
	  <datafield tag="035" ind1=" " ind2=" ">
		<subfield code="a">(InU)ACK4308BM</subfield>
	  </datafield>
	  <datafield tag="035" ind1=" " ind2=" ">
		<subfield code="a">(OCoLC)ocm25530372</subfield>
	  </datafield>
	  <datafield tag="040" ind1=" " ind2=" ">
		<subfield code="a">IUG</subfield>
		<subfield code="c">IUG</subfield>
	  </datafield>
	  <datafield tag="048" ind1=" " ind2=" ">
		<subfield code="a">od</subfield>
	  </datafield>
	  <datafield tag="049" ind1=" " ind2=" ">
		<subfield code="a">IUGA</subfield>
	  </datafield>
	  <datafield tag="099" ind1=" " ind2=" ">
		<subfield code="a">LP</subfield>
		<subfield code="a">.B4542</subfield>
		<subfield code="a">1964</subfield>
	  </datafield>
	  <datafield tag="245" ind1="0" ind2="0">
		<subfield code="a">Band releases, 1964.</subfield>
		<subfield code="h">[Sound recording]</subfield>
	  </datafield>
	  <datafield tag="262" ind1=" " ind2=" ">
		<subfield code="b">Belwin</subfield>
		<subfield code="c">BE 32664.</subfield>
		<subfield code="d">[1964]</subfield>
	  </datafield>
	  <datafield tag="305" ind1=" " ind2=" ">
		<subfield code="a">1 disc.</subfield>
		<subfield code="b">33 1/3 rpm. mono.</subfield>
		<subfield code="c">10 in.</subfield>
	  </datafield>
	  <datafield tag="500" ind1=" " ind2=" ">
		<subfield code="a">Insert containing incipits in reduced score of the Belwin  publications performed on disc bound in container.</subfield>
	  </datafield>
	  <datafield tag="500" ind1=" " ind2=" ">
		<subfield code="a">Contains works and arrangements by Frank Erickson, Leonard Smith, James Ployhar, Merle Isaacs, Oldham &amp; Hale, Dale Eyman, Richard Bowles, Al Davis and Eric Osterling.</subfield>
	  </datafield>
	  <datafield tag="650" ind1=" " ind2="0">
		<subfield code="a">Band music.</subfield>
	  </datafield>
	  <datafield tag="998" ind1=" " ind2=" ">
		<subfield code="a">3/26/1992</subfield>
		<subfield code="b">5/12/1994</subfield>
		<subfield code="c">3/26/1992</subfield>
	  </datafield>
	  <datafield tag="596" ind1=" " ind2=" ">
		<subfield code="a">20</subfield>
	  </datafield>
	  <datafield tag="999" ind1=" " ind2=" ">
		<subfield code="a">LP .B4542 1964</subfield>
		<subfield code="w">ASIS</subfield>
		<subfield code="c">1</subfield>
		<subfield code="i">32000004818227</subfield>
		<subfield code="d">2/17/1998</subfield>
		<subfield code="l">PHONORECS</subfield>
		<subfield code="m">B-MUSIC</subfield>
		<subfield code="n">1</subfield>
		<subfield code="r">Y</subfield>
		<subfield code="s">Y</subfield>
		<subfield code="t">AV</subfield>
		<subfield code="u">11/5/2000</subfield>
		<subfield code="z">LP</subfield>
		<subfield code="o">.STAFF.  Insert bound in container</subfield>
	  </datafield>
	</record>