
	<record>
	  <leader>01220caa a22002655  45 0</leader>
	  <controlfield tag="001">a248753</controlfield>
	  <controlfield tag="003">InU</controlfield>
	  <controlfield tag="008">880303s1651    enk           000 0 eng d</controlfield>
	  <datafield tag="035" ind1=" " ind2=" ">
		<subfield code="a">(InU)ACK2240BY</subfield>
	  </datafield>
	  <datafield tag="035" ind1=" " ind2=" ">
		<subfield code="a">(OCoLC)ocm17573491</subfield>
	  </datafield>
	  <datafield tag="040" ind1=" " ind2=" ">
		<subfield code="a">RQE</subfield>
		<subfield code="c">RQE</subfield>
	  </datafield>
	  <datafield tag="049" ind1=" " ind2=" ">
		<subfield code="a">IULA</subfield>
	  </datafield>
	  <datafield tag="090" ind1=" " ind2=" ">
		<subfield code="a">DA391</subfield>
		<subfield code="b">.T78 1651</subfield>
	  </datafield>
	  <datafield tag="100" ind1="1" ind2="0">
		<subfield code="a">Legatt, Bartholomew,</subfield>
		<subfield code="d">1575?-1612.</subfield>
	  </datafield>
	  <datafield tag="245" ind1="0" ind2="2">
		<subfield code="a">A true relation of the commissions and warrants for the condemnation and burning of Bartholomew Legatt and Thomas Withman ... in the year, 1611.</subfield>
		<subfield code="c">Signed with K. James his own hand. In which is laid open their most blasphemous heresies and false opinions ... Whereunto are added, the pardons of Theophilus Higgons, and Sr Eustace Hart, knight. Published by authority.</subfield>
	  </datafield>
	  <datafield tag="260" ind1="0" ind2=" ">
		<subfield code="a">London,</subfield>
		<subfield code="b">Printed for M. Spark,</subfield>
		<subfield code="c">1651.</subfield>
	  </datafield>
	  <datafield tag="300" ind1=" " ind2=" ">
		<subfield code="a">1 p. l., 18 p.</subfield>
		<subfield code="c">19 cm.</subfield>
	  </datafield>
	  <datafield tag="510" ind1="4" ind2=" ">
		<subfield code="a">Wing</subfield>
		<subfield code="c">T-2937.</subfield>
	  </datafield>
	  <datafield tag="591" ind1=" " ind2=" ">
		<subfield code="a"></subfield>
	  </datafield>
	  <datafield tag="710" ind1="1" ind2="0">
		<subfield code="a">England and Wales.</subfield>
		<subfield code="b">Sovereign (1603-1625 : James I)</subfield>
	  </datafield>
	  <datafield tag="700" ind1="1" ind2="0">
		<subfield code="a">Wightman, Edward,</subfield>
		<subfield code="d">d. 1612.</subfield>
	  </datafield>
	  <datafield tag="773" ind1="0" ind2=" ">
		<subfield code="t">The narrative history of King James, for the first fourteen years.</subfield>
		<subfield code="d">London, 1651</subfield>
		<subfield code="w">(OCoLC)13510619</subfield>
	  </datafield>
	  <datafield tag="998" ind1=" " ind2=" ">
		<subfield code="a">3/24/1992</subfield>
		<subfield code="b">3/24/1992</subfield>
		<subfield code="c">3/24/1992</subfield>
	  </datafield>
	  <datafield tag="596" ind1=" " ind2=" ">
		<subfield code="a">19</subfield>
	  </datafield>
	  <datafield tag="999" ind1=" " ind2=" ">
		<subfield code="a">7-2878</subfield>
		<subfield code="w">ALPHANUM</subfield>
		<subfield code="c">1</subfield>
		<subfield code="i">248753-2001</subfield>
		<subfield code="l">_LILLSTKS</subfield>
		<subfield code="m">B-LILLY</subfield>
		<subfield code="r">Y</subfield>
		<subfield code="s">Y</subfield>
		<subfield code="t">NORMAL</subfield>
		<subfield code="u">11/5/2000</subfield>
	  </datafield>
	</record>