
	<record>
	  <leader>01305cjm a2200361   45 0</leader>
	  <controlfield tag="001">a246798</controlfield>
	  <controlfield tag="003">InU</controlfield>
	  <controlfield tag="008">791109s1965    xxujzn   f          N/A d</controlfield>
	  <datafield tag="028" ind1="0" ind2="0">
		<subfield code="a">AS-86</subfield>
		<subfield code="b">Impulse</subfield>
	  </datafield>
	  <datafield tag="035" ind1=" " ind2=" ">
		<subfield code="a">(InU)ACJ8752BM</subfield>
	  </datafield>
	  <datafield tag="033" ind1="1" ind2="0">
		<subfield code="a">19650216</subfield>
		<subfield code="a">19650309</subfield>
	  </datafield>
	  <datafield tag="035" ind1=" " ind2=" ">
		<subfield code="a">(OCoLC)ocm05670159</subfield>
	  </datafield>
	  <controlfield tag="007">sd-bsmenn---- </controlfield>
	  <datafield tag="040" ind1=" " ind2=" ">
		<subfield code="a">GYG</subfield>
		<subfield code="c">GYG</subfield>
		<subfield code="d">m/c</subfield>
		<subfield code="d">IUG</subfield>
	  </datafield>
	  <datafield tag="041" ind1="0" ind2=" ">
		<subfield code="g">eng</subfield>
	  </datafield>
	  <datafield tag="048" ind1=" " ind2=" ">
		<subfield code="a">wi01</subfield>
		<subfield code="a">on</subfield>
	  </datafield>
	  <datafield tag="049" ind1=" " ind2=" ">
		<subfield code="a">IUGA</subfield>
	  </datafield>
	  <datafield tag="245" ind1="1" ind2="0">
		<subfield code="a">Fire music.</subfield>
		<subfield code="h">[Sound recording]</subfield>
	  </datafield>
	  <datafield tag="262" ind1=" " ind2=" ">
		<subfield code="b">Impulse</subfield>
		<subfield code="c">AS-86.</subfield>
		<subfield code="d">[1965?]</subfield>
	  </datafield>
	  <datafield tag="305" ind1=" " ind2=" ">
		<subfield code="a">1 disc.</subfield>
		<subfield code="b">33 1/3 rpm. stereo.</subfield>
		<subfield code="c">12 in.</subfield>
	  </datafield>
	  <datafield tag="511" ind1="0" ind2=" ">
		<subfield code="a">Jazz sextets; featuring Archie Shepp, tenor sax.</subfield>
	  </datafield>
	  <datafield tag="518" ind1=" " ind2=" ">
		<subfield code="a">Recorded February 16 and March 9, 1965.</subfield>
	  </datafield>
	  <datafield tag="500" ind1=" " ind2=" ">
		<subfield code="a">Durations on label.</subfield>
	  </datafield>
	  <datafield tag="500" ind1=" " ind2=" ">
		<subfield code="a">Program notes by N. Hentkoff on container.</subfield>
	  </datafield>
	  <datafield tag="505" ind1="0" ind2=" ">
		<subfield code="a">Hambone.--Los olvidados.--Malcolm, Malcolm-semper Malcolm.--Prelude to a kiss.--The girl from Ipanema.</subfield>
	  </datafield>
	  <datafield tag="650" ind1=" " ind2="0">
		<subfield code="a">Jazz</subfield>
		<subfield code="y">1961-1970.</subfield>
	  </datafield>
	  <datafield tag="650" ind1=" " ind2="0">
		<subfield code="a">Saxophone music (Jazz)</subfield>
	  </datafield>
	  <datafield tag="650" ind1=" " ind2="4">
		<subfield code="a">Black Music Collection</subfield>
		<subfield code="x">Phonodisc.</subfield>
	  </datafield>
	  <datafield tag="700" ind1="1" ind2="0">
		<subfield code="a">Shepp, Archie.</subfield>
		<subfield code="4">prf</subfield>
	  </datafield>
	  <datafield tag="998" ind1=" " ind2=" ">
		<subfield code="a">3/19/1992</subfield>
		<subfield code="b">3/19/1992</subfield>
		<subfield code="c">3/19/1992</subfield>
	  </datafield>
	  <datafield tag="856" ind1="4" ind2="1">
		<subfield code="u">http://purl.dlib.indiana.edu/iudl/variations/sound/ACJ8752</subfield>
	  </datafield>
	  <datafield tag="596" ind1=" " ind2=" ">
		<subfield code="a">20</subfield>
	  </datafield>
	  <datafield tag="999" ind1=" " ind2=" ">
		<subfield code="a">LP-S .S5491 W5.7</subfield>
		<subfield code="w">ASIS</subfield>
		<subfield code="c">1</subfield>
		<subfield code="i">30000005004985</subfield>
		<subfield code="d">11/16/2010</subfield>
		<subfield code="e">11/16/2010</subfield>
		<subfield code="l">PHONORECS</subfield>
		<subfield code="m">B-MUSIC</subfield>
		<subfield code="n">3</subfield>
		<subfield code="q">1</subfield>
		<subfield code="r">Y</subfield>
		<subfield code="s">Y</subfield>
		<subfield code="t">AV</subfield>
		<subfield code="u">11/5/2000</subfield>
		<subfield code="z">LP</subfield>
		<subfield code="o">.STAFF. Variations</subfield>
	  </datafield>
	</record>