
	<record>
	  <leader>00969ccm a2200253 a 45 0</leader>
	  <controlfield tag="001">a246790</controlfield>
	  <controlfield tag="003">InU</controlfield>
	  <controlfield tag="008">781027s1957    gw sna          n       d</controlfield>
	  <datafield tag="028" ind1="3" ind2="0">
		<subfield code="a">2079</subfield>
		<subfield code="b">Edition Schott</subfield>
	  </datafield>
	  <datafield tag="035" ind1=" " ind2=" ">
		<subfield code="a">(InU)ACJ8743BM</subfield>
	  </datafield>
	  <datafield tag="035" ind1=" " ind2=" ">
		<subfield code="a">(OCoLC)ocm01307271</subfield>
	  </datafield>
	  <datafield tag="040" ind1=" " ind2=" ">
		<subfield code="a">KSU</subfield>
		<subfield code="c">KSU</subfield>
		<subfield code="d">OCL</subfield>
		<subfield code="d">ENG</subfield>
		<subfield code="d">OCL</subfield>
	  </datafield>
	  <datafield tag="048" ind1=" " ind2=" ">
		<subfield code="a">sf01</subfield>
		<subfield code="a">ka01</subfield>
	  </datafield>
	  <datafield tag="050" ind1="0" ind2="4">
		<subfield code="a">M239</subfield>
		<subfield code="b">.H58x op.25, no.2, 1957</subfield>
	  </datafield>
	  <datafield tag="100" ind1="1" ind2=" ">
		<subfield code="a">Hindemith, Paul,</subfield>
		<subfield code="d">1895-1963.</subfield>
	  </datafield>
	  <datafield tag="240" ind1="1" ind2="0">
		<subfield code="a">Kleine Sonate,</subfield>
		<subfield code="m">viola d'amore, piano</subfield>
	  </datafield>
	  <datafield tag="245" ind1="0" ind2="0">
		<subfield code="a">Kleine Sonate:</subfield>
		<subfield code="b">für Viola d'amore und Klavier, Opus 25 Nr. 2 /</subfield>
		<subfield code="c">Paul Hindemith.</subfield>
	  </datafield>
	  <datafield tag="260" ind1=" " ind2=" ">
		<subfield code="a">Mainz :</subfield>
		<subfield code="b">B. Schott's Söhne,</subfield>
		<subfield code="c">[1957], c1929.</subfield>
	  </datafield>
	  <datafield tag="300" ind1=" " ind2=" ">
		<subfield code="a">1 score (15 p.) + 1 part (7 p.) ;</subfield>
		<subfield code="c">30 cm.</subfield>
	  </datafield>
	  <datafield tag="500" ind1=" " ind2=" ">
		<subfield code="a">Publisher's no.: Edition Schott 2079.</subfield>
	  </datafield>
	  <datafield tag="650" ind1=" " ind2="0">
		<subfield code="a">Sonatas (Viola d'amore and piano)</subfield>
		<subfield code="v">Scores and parts.</subfield>
	  </datafield>
	  <datafield tag="998" ind1=" " ind2=" ">
		<subfield code="a">3/19/1992</subfield>
		<subfield code="b">10/11/2000</subfield>
		<subfield code="c">10/11/2000</subfield>
	  </datafield>
	  <datafield tag="596" ind1=" " ind2=" ">
		<subfield code="a">20</subfield>
	  </datafield>
	  <datafield tag="999" ind1=" " ind2=" ">
		<subfield code="a">M239.V56 H66 1957</subfield>
		<subfield code="w">LC</subfield>
		<subfield code="c">1</subfield>
		<subfield code="i">30000070428382</subfield>
		<subfield code="d">10/27/2010</subfield>
		<subfield code="e">10/12/2000</subfield>
		<subfield code="j">2</subfield>
		<subfield code="l">STACKS</subfield>
		<subfield code="m">B-MUSIC</subfield>
		<subfield code="n">1</subfield>
		<subfield code="q">7</subfield>
		<subfield code="r">Y</subfield>
		<subfield code="s">Y</subfield>
		<subfield code="t">NORMAL</subfield>
		<subfield code="u">11/5/2000</subfield>
	  </datafield>
	</record>