
	<record>
	  <leader>01614cjm a2200433 a 45 0</leader>
	  <controlfield tag="001">a246791</controlfield>
	  <controlfield tag="003">InU</controlfield>
	  <controlfield tag="008">860923p19731972kyuspn   deh        N/A d</controlfield>
	  <datafield tag="010" ind1=" " ind2=" ">
		<subfield code="z">   77760059 </subfield>
		<subfield code="z">   77760057</subfield>
	  </datafield>
	  <datafield tag="028" ind1="0" ind2="2">
		<subfield code="a">LS-725</subfield>
		<subfield code="b">Louisville Orchestra</subfield>
	  </datafield>
	  <datafield tag="035" ind1=" " ind2=" ">
		<subfield code="a">(InU)ACJ8744BM</subfield>
	  </datafield>
	  <datafield tag="035" ind1=" " ind2=" ">
		<subfield code="a">(OCoLC)ocm14252896</subfield>
	  </datafield>
	  <controlfield tag="007">sd-bsmenn---- </controlfield>
	  <datafield tag="040" ind1=" " ind2=" ">
		<subfield code="a">KSW</subfield>
		<subfield code="c">KSW</subfield>
		<subfield code="d">m/c</subfield>
		<subfield code="d">IUG</subfield>
	  </datafield>
	  <datafield tag="041" ind1="0" ind2=" ">
		<subfield code="e">engita</subfield>
		<subfield code="h">ita</subfield>
		<subfield code="g">eng</subfield>
	  </datafield>
	  <datafield tag="045" ind1=" " ind2=" ">
		<subfield code="a">x7x7</subfield>
	  </datafield>
	  <datafield tag="048" ind1=" " ind2=" ">
		<subfield code="a">oa</subfield>
	  </datafield>
	  <datafield tag="049" ind1=" " ind2=" ">
		<subfield code="a">IUGA</subfield>
	  </datafield>
	  <datafield tag="100" ind1="1" ind2="0">
		<subfield code="a">Husa, Karel,</subfield>
		<subfield code="d">1921-</subfield>
	  </datafield>
	  <datafield tag="240" ind1="1" ind2="0">
		<subfield code="a">Sonnets by Michelangelo</subfield>
	  </datafield>
	  <datafield tag="245" ind1="0" ind2="0">
		<subfield code="a">Two sonnets from Michelangelo /</subfield>
		<subfield code="c">Karel Husa.  Septuria Lunaris / Matthias Bamert</subfield>
		<subfield code="h">[sound recording]</subfield>
	  </datafield>
	  <datafield tag="260" ind1="0" ind2=" ">
		<subfield code="a">Louisville, Ky. :</subfield>
		<subfield code="b">Louisville Orchestra,</subfield>
		<subfield code="c">[1973?]</subfield>
	  </datafield>
	  <datafield tag="300" ind1=" " ind2=" ">
		<subfield code="a">1 sound disc :</subfield>
		<subfield code="b">analog, 33 1/3 rpm, stereo.</subfield>
		<subfield code="c">12 in.</subfield>
	  </datafield>
	  <datafield tag="306" ind1=" " ind2=" ">
		<subfield code="a">001303</subfield>
	  </datafield>
	  <datafield tag="440" ind1=" " ind2="0">
		<subfield code="a">Louisville Orchestra first edition records</subfield>
	  </datafield>
	  <datafield tag="511" ind1="0" ind2=" ">
		<subfield code="a">Orchestra music: Louisville Orchestra ; Jorge Mester, conductor.</subfield>
	  </datafield>
	  <datafield tag="518" ind1=" " ind2=" ">
		<subfield code="a">Recorded Nov. 7, l972.</subfield>
	  </datafield>
	  <datafield tag="500" ind1=" " ind2=" ">
		<subfield code="a">Durations: 13:03; 17:42.</subfield>
	  </datafield>
	  <datafield tag="500" ind1=" " ind2=" ">
		<subfield code="a">Program notes by R. McMahan and English translation of the sonnets ([2] p.) inserted in container.</subfield>
	  </datafield>
	  <datafield tag="650" ind1=" " ind2="0">
		<subfield code="a">Orchestral music.</subfield>
	  </datafield>
	  <datafield tag="700" ind1="0" ind2="0">
		<subfield code="a">Michelangelo Buonarroti,</subfield>
		<subfield code="d">1475-1564.</subfield>
	  </datafield>
	  <datafield tag="700" ind1="1" ind2="0">
		<subfield code="a">Mester, Jorge</subfield>
		<subfield code="4">cnd</subfield>
	  </datafield>
	  <datafield tag="700" ind1="1" ind2="2">
		<subfield code="a">Bamert, Matthias.</subfield>
		<subfield code="t">Septuria lunaris.</subfield>
	  </datafield>
	  <datafield tag="710" ind1="2" ind2="0">
		<subfield code="a">Louisville Orchestra</subfield>
		<subfield code="4">prf</subfield>
	  </datafield>
	  <datafield tag="740" ind1="0" ind2="1">
		<subfield code="a">Sonnets from Michelangelo.</subfield>
	  </datafield>
	  <datafield tag="740" ind1="0" ind2="1">
		<subfield code="a">Septuria lunaris.</subfield>
	  </datafield>
	  <datafield tag="998" ind1=" " ind2=" ">
		<subfield code="a">3/19/1992</subfield>
		<subfield code="b">3/19/1992</subfield>
		<subfield code="c">3/19/1992</subfield>
	  </datafield>
	  <datafield tag="596" ind1=" " ind2=" ">
		<subfield code="a">20</subfield>
	  </datafield>
	  <datafield tag="999" ind1=" " ind2=" ">
		<subfield code="a">LP-S .H9682 G.2</subfield>
		<subfield code="w">ASIS</subfield>
		<subfield code="c">1</subfield>
		<subfield code="i">32000007638176</subfield>
		<subfield code="d">10/20/1993</subfield>
		<subfield code="l">PHONORECS</subfield>
		<subfield code="m">B-MUSIC</subfield>
		<subfield code="n">3</subfield>
		<subfield code="r">Y</subfield>
		<subfield code="s">Y</subfield>
		<subfield code="t">AV</subfield>
		<subfield code="u">11/5/2000</subfield>
		<subfield code="z">LP</subfield>
		<subfield code="o">.STAFF.  Includes 1 insert</subfield>
	  </datafield>
	</record>