
	<record>
	  <leader>01160cjm a2200325 a 45 0</leader>
	  <controlfield tag="001">a246802</controlfield>
	  <controlfield tag="003">InU</controlfield>
	  <controlfield tag="008">851213s1970    nyujzn   z          N/A d</controlfield>
	  <datafield tag="028" ind1="0" ind2="2">
		<subfield code="a">AS-9199</subfield>
		<subfield code="b">Impulse</subfield>
	  </datafield>
	  <datafield tag="035" ind1=" " ind2=" ">
		<subfield code="a">(InU)ACJ8756BM</subfield>
	  </datafield>
	  <datafield tag="033" ind1="0" ind2="0">
		<subfield code="a">19700701</subfield>
	  </datafield>
	  <datafield tag="035" ind1=" " ind2=" ">
		<subfield code="a">(OCoLC)ocm12901436</subfield>
	  </datafield>
	  <controlfield tag="007">sd-bsmenn---- </controlfield>
	  <datafield tag="040" ind1=" " ind2=" ">
		<subfield code="a">CSO</subfield>
		<subfield code="c">CSO</subfield>
		<subfield code="d">BGU</subfield>
		<subfield code="d">IUG</subfield>
	  </datafield>
	  <datafield tag="041" ind1="0" ind2=" ">
		<subfield code="g">eng</subfield>
	  </datafield>
	  <datafield tag="045" ind1=" " ind2=" ">
		<subfield code="a">x7x7</subfield>
	  </datafield>
	  <datafield tag="049" ind1=" " ind2=" ">
		<subfield code="a">IUGA</subfield>
	  </datafield>
	  <datafield tag="100" ind1="1" ind2="0">
		<subfield code="a">Sanders, Pharoah.</subfield>
		<subfield code="4">prf</subfield>
	  </datafield>
	  <datafield tag="245" ind1="1" ind2="0">
		<subfield code="a">Summun bukmun umyun</subfield>
		<subfield code="h">[sound recording] /</subfield>
		<subfield code="c">Pharoah Sanders.</subfield>
	  </datafield>
	  <datafield tag="260" ind1="0" ind2=" ">
		<subfield code="a">New York :</subfield>
		<subfield code="b">Impulse,</subfield>
		<subfield code="c">[1970]</subfield>
	  </datafield>
	  <datafield tag="300" ind1=" " ind2=" ">
		<subfield code="a">1 sound disc :</subfield>
		<subfield code="b">analog, 33 1/3 rpm, stereo. ;</subfield>
		<subfield code="c">12 in.</subfield>
	  </datafield>
	  <datafield tag="511" ind1="0" ind2=" ">
		<subfield code="a">Jazz ensembles featuring Pharoah Sanders, soprano saxophone and various instruments.</subfield>
	  </datafield>
	  <datafield tag="518" ind1=" " ind2=" ">
		<subfield code="a">Recorded at A &amp; R Studios, New York City, July 1, 1970.</subfield>
	  </datafield>
	  <datafield tag="500" ind1=" " ind2=" ">
		<subfield code="a">Descriptive note by Jameelah Ali on container.</subfield>
	  </datafield>
	  <datafield tag="505" ind1="0" ind2=" ">
		<subfield code="a">Summun, bukmun, umyun -- Let us go into the house of the Lord.</subfield>
	  </datafield>
	  <datafield tag="650" ind1=" " ind2="0">
		<subfield code="a">Jazz</subfield>
		<subfield code="y">1961-1970.</subfield>
	  </datafield>
	  <datafield tag="650" ind1=" " ind2="4">
		<subfield code="a">Black Music Collection</subfield>
		<subfield code="x">Phonodisc.</subfield>
	  </datafield>
	  <datafield tag="998" ind1=" " ind2=" ">
		<subfield code="a">3/19/1992</subfield>
		<subfield code="b">3/19/1992</subfield>
		<subfield code="c">3/19/1992</subfield>
	  </datafield>
	  <datafield tag="596" ind1=" " ind2=" ">
		<subfield code="a">20</subfield>
	  </datafield>
	  <datafield tag="999" ind1=" " ind2=" ">
		<subfield code="a">LP-S .S2151 J.3</subfield>
		<subfield code="w">ASIS</subfield>
		<subfield code="c">1</subfield>
		<subfield code="i">30000041344304</subfield>
		<subfield code="l">PHONORECS</subfield>
		<subfield code="m">B-MUSIC</subfield>
		<subfield code="r">Y</subfield>
		<subfield code="s">Y</subfield>
		<subfield code="t">AV</subfield>
		<subfield code="u">11/5/2000</subfield>
		<subfield code="z">LP</subfield>
	  </datafield>
	</record>