
	<record>
	  <leader>01469cjm a2200385 a 45 0</leader>
	  <controlfield tag="001">a246804</controlfield>
	  <controlfield tag="003">InU</controlfield>
	  <controlfield tag="008">870702s1966    nyumpn   i          N/A d</controlfield>
	  <datafield tag="028" ind1="0" ind2="2">
		<subfield code="a">AS-9111</subfield>
		<subfield code="b">Impulse</subfield>
	  </datafield>
	  <datafield tag="035" ind1=" " ind2=" ">
		<subfield code="a">(InU)ACJ8758BM</subfield>
	  </datafield>
	  <datafield tag="033" ind1="0" ind2="0">
		<subfield code="a">19660126</subfield>
	  </datafield>
	  <datafield tag="035" ind1=" " ind2=" ">
		<subfield code="a">(OCoLC)ocm16127756</subfield>
	  </datafield>
	  <controlfield tag="007">sd-bsmenn---- </controlfield>
	  <datafield tag="040" ind1=" " ind2=" ">
		<subfield code="a">BGU</subfield>
		<subfield code="c">BGU</subfield>
		<subfield code="d">IUG</subfield>
	  </datafield>
	  <datafield tag="041" ind1="0" ind2=" ">
		<subfield code="g">eng</subfield>
	  </datafield>
	  <datafield tag="045" ind1=" " ind2=" ">
		<subfield code="a">x6x6</subfield>
	  </datafield>
	  <datafield tag="048" ind1=" " ind2=" ">
		<subfield code="a">wi01</subfield>
		<subfield code="a">on</subfield>
	  </datafield>
	  <datafield tag="049" ind1=" " ind2=" ">
		<subfield code="a">IUGA</subfield>
	  </datafield>
	  <datafield tag="100" ind1="1" ind2="0">
		<subfield code="a">Rollins, Sonny.</subfield>
	  </datafield>
	  <datafield tag="240" ind1="1" ind2="0">
		<subfield code="a">Alfie.</subfield>
		<subfield code="k">Selections</subfield>
	  </datafield>
	  <datafield tag="245" ind1="1" ind2="0">
		<subfield code="a">Alfie</subfield>
		<subfield code="h">[sound recording] /</subfield>
		<subfield code="c">Sonny Rollins.</subfield>
	  </datafield>
	  <datafield tag="260" ind1="0" ind2=" ">
		<subfield code="a">[New York] :</subfield>
		<subfield code="b">Impulse,</subfield>
		<subfield code="c">[1966]</subfield>
	  </datafield>
	  <datafield tag="300" ind1=" " ind2=" ">
		<subfield code="a">1 sound disc (35 min.) :</subfield>
		<subfield code="b">analog, 33 1/3 rpm, stereo. ;</subfield>
		<subfield code="c">12 in.</subfield>
	  </datafield>
	  <datafield tag="511" ind1="0" ind2=" ">
		<subfield code="a">"Original music from the score" for jazz ensemble; the composer on tenor sax ; Oliver Nelson, arranger-conductor.</subfield>
	  </datafield>
	  <datafield tag="518" ind1=" " ind2=" ">
		<subfield code="a">Recorded January 26, 1966.</subfield>
	  </datafield>
	  <datafield tag="500" ind1=" " ind2=" ">
		<subfield code="a">Program notes by Nat Hentoff on container.</subfield>
	  </datafield>
	  <datafield tag="505" ind1="0" ind2=" ">
		<subfield code="a">Alfie's theme -- He's younger than you are -- Street runner with child -- Transition theme for minor blues or Little Malcolm loves his dad -- On impulse -- Alfie's theme differently.</subfield>
	  </datafield>
	  <datafield tag="650" ind1=" " ind2="0">
		<subfield code="a">Motion picture music</subfield>
		<subfield code="x">Excerpts.</subfield>
	  </datafield>
	  <datafield tag="650" ind1=" " ind2="0">
		<subfield code="a">Jazz</subfield>
		<subfield code="y">1961-1970.</subfield>
	  </datafield>
	  <datafield tag="650" ind1=" " ind2="4">
		<subfield code="a">Black Music Collection</subfield>
		<subfield code="x">Phonodisc.</subfield>
	  </datafield>
	  <datafield tag="700" ind1="1" ind2="0">
		<subfield code="a">Rollins, Sonny</subfield>
		<subfield code="4">prf</subfield>
	  </datafield>
	  <datafield tag="700" ind1="1" ind2="0">
		<subfield code="a">Nelson, Oliver,</subfield>
		<subfield code="d">1932-1975.</subfield>
		<subfield code="4">cnd</subfield>
	  </datafield>
	  <datafield tag="998" ind1=" " ind2=" ">
		<subfield code="a">3/19/1992</subfield>
		<subfield code="b">3/19/1992</subfield>
		<subfield code="c">3/19/1992</subfield>
	  </datafield>
	  <datafield tag="596" ind1=" " ind2=" ">
		<subfield code="a">20</subfield>
	  </datafield>
	  <datafield tag="999" ind1=" " ind2=" ">
		<subfield code="a">LP-S .R7547 G6.1</subfield>
		<subfield code="w">ASIS</subfield>
		<subfield code="c">1</subfield>
		<subfield code="i">32000001061680</subfield>
		<subfield code="d">12/12/1997</subfield>
		<subfield code="l">PHONORECS</subfield>
		<subfield code="m">B-MUSIC</subfield>
		<subfield code="n">3</subfield>
		<subfield code="r">Y</subfield>
		<subfield code="s">Y</subfield>
		<subfield code="t">AV</subfield>
		<subfield code="u">11/5/2000</subfield>
		<subfield code="z">LP</subfield>
	  </datafield>
	</record>