
	<record>
	  <leader>02104cjm a2200457   45 0</leader>
	  <controlfield tag="001">a246808</controlfield>
	  <controlfield tag="003">InU</controlfield>
	  <controlfield tag="007">sd-bsmenn----?</controlfield>
	  <controlfield tag="008">801013s1966    nyumun   dhi        lat  </controlfield>
	  <datafield tag="010" ind1=" " ind2=" ">
		<subfield code="a">r  66003204</subfield>
	  </datafield>
	  <datafield tag="028" ind1="0" ind2="0">
		<subfield code="a">MS 143</subfield>
		<subfield code="b">Music Guild</subfield>
	  </datafield>
	  <datafield tag="035" ind1=" " ind2=" ">
		<subfield code="a">(InU)ACJ8762BM</subfield>
	  </datafield>
	  <datafield tag="035" ind1=" " ind2=" ">
		<subfield code="a">(OCoLC)ocm06818084</subfield>
	  </datafield>
	  <datafield tag="040" ind1=" " ind2=" ">
		<subfield code="a">DLC</subfield>
		<subfield code="c">JNA</subfield>
		<subfield code="d">m.c.</subfield>
		<subfield code="d">GZN</subfield>
		<subfield code="d">OCL</subfield>
		<subfield code="d">m/c</subfield>
		<subfield code="d">IUG</subfield>
	  </datafield>
	  <datafield tag="041" ind1="0" ind2=" ">
		<subfield code="d">lat</subfield>
		<subfield code="e">lateng</subfield>
		<subfield code="h">lat</subfield>
		<subfield code="g">eng</subfield>
	  </datafield>
	  <datafield tag="047" ind1=" " ind2=" ">
		<subfield code="a">ms</subfield>
		<subfield code="a">mo</subfield>
	  </datafield>
	  <datafield tag="049" ind1=" " ind2=" ">
		<subfield code="a">IUGA</subfield>
	  </datafield>
	  <datafield tag="100" ind1="1" ind2="0">
		<subfield code="a">Victoria, Tomás Luis de,</subfield>
		<subfield code="d">ca. 1548-1611.</subfield>
	  </datafield>
	  <datafield tag="240" ind1="1" ind2="0">
		<subfield code="a">Vocal music.</subfield>
		<subfield code="k">Selections</subfield>
		<subfield code="h">[Sound recording]</subfield>
	  </datafield>
	  <datafield tag="245" ind1="1" ind2="0">
		<subfield code="a">Four motets.  Missa quarti toni.</subfield>
	  </datafield>
	  <datafield tag="262" ind1=" " ind2=" ">
		<subfield code="b">Music Guild</subfield>
		<subfield code="c">MS 143,</subfield>
		<subfield code="d">1966.</subfield>
	  </datafield>
	  <datafield tag="305" ind1=" " ind2=" ">
		<subfield code="a">1 disc.</subfield>
		<subfield code="b">33 1/3 rpm. stereo.</subfield>
		<subfield code="c">12 in.</subfield>
	  </datafield>
	  <datafield tag="511" ind1="0" ind2=" ">
		<subfield code="a">Schola du grand scholasticat des Pères du Saint-Esprit de Chevilly; L. Deiss, conductor (in the motets); Chorale Saint-Jordi du Barcelone; O. Martorell, conductor (in the Mass)</subfield>
	  </datafield>
	  <datafield tag="518" ind1=" " ind2=" ">
		<subfield code="a">Recorded by Société de diffusion de son &amp; musique, Paris.</subfield>
	  </datafield>
	  <datafield tag="500" ind1=" " ind2=" ">
		<subfield code="a">Durations on disc labels and on container.</subfield>
	  </datafield>
	  <datafield tag="500" ind1=" " ind2=" ">
		<subfield code="a">Program notes by William B. Ober and texts of the motets, with English translation, on container.</subfield>
	  </datafield>
	  <datafield tag="505" ind1="0" ind2=" ">
		<subfield code="a">Ave Maria.--O vos omnes.--O regem caeli.--Duo seraphim.--Missa quarti toni.</subfield>
	  </datafield>
	  <datafield tag="650" ind1=" " ind2="0">
		<subfield code="a">Motets.</subfield>
	  </datafield>
	  <datafield tag="650" ind1=" " ind2="0">
		<subfield code="a">Masses, Unaccompanied.</subfield>
	  </datafield>
	  <datafield tag="650" ind1=" " ind2="0">
		<subfield code="a">Part songs, Sacred</subfield>
	  </datafield>
	  <datafield tag="650" ind1=" " ind2="0">
		<subfield code="a">Choruses, Sacred (Mixed voices)</subfield>
	  </datafield>
	  <datafield tag="700" ind1="1" ind2="0">
		<subfield code="a">Deiss, Lucien.</subfield>
		<subfield code="4">cnd</subfield>
	  </datafield>
	  <datafield tag="700" ind1="1" ind2="0">
		<subfield code="a">Martorell, Oriol.</subfield>
		<subfield code="4">cnd</subfield>
	  </datafield>
	  <datafield tag="700" ind1="1" ind2="2">
		<subfield code="a">Victoria, Tomás Luis de,</subfield>
		<subfield code="d">ca. 1548-1611.</subfield>
		<subfield code="t">Motets</subfield>
		<subfield code="n">(1572).</subfield>
		<subfield code="p">Ave Maria, gratia plena.</subfield>
	  </datafield>
	  <datafield tag="700" ind1="1" ind2="2">
		<subfield code="a">Victoria, Tomás Luis de,</subfield>
		<subfield code="d">ca. 1548-1611.</subfield>
		<subfield code="t">Motets</subfield>
		<subfield code="n">(1572).</subfield>
		<subfield code="p">O vos omnes, qui transitis per viam.</subfield>
	  </datafield>
	  <datafield tag="700" ind1="1" ind2="2">
		<subfield code="a">Victoria, Tomás Luis de,</subfield>
		<subfield code="d">ca. 1548-1611.</subfield>
		<subfield code="t">Motets</subfield>
		<subfield code="n">(1572).</subfield>
		<subfield code="p">O regem coeli.</subfield>
	  </datafield>
	  <datafield tag="700" ind1="1" ind2="2">
		<subfield code="a">Victoria Tomás Luis de,</subfield>
		<subfield code="d">ca. 1548-1611.</subfield>
		<subfield code="t">Motets</subfield>
		<subfield code="n">(1583).</subfield>
		<subfield code="p">Duo seraphim clamabant.</subfield>
	  </datafield>
	  <datafield tag="700" ind1="1" ind2="2">
		<subfield code="a">Victoria Tomás Luis de,</subfield>
		<subfield code="d">ca. 1548-1611.</subfield>
		<subfield code="t">Missa quarti toni.</subfield>
	  </datafield>
	  <datafield tag="998" ind1=" " ind2=" ">
		<subfield code="a">3/19/1992</subfield>
		<subfield code="b">2/10/1994</subfield>
		<subfield code="c">3/19/1992</subfield>
	  </datafield>
	  <datafield tag="596" ind1=" " ind2=" ">
		<subfield code="a">20</subfield>
	  </datafield>
	  <datafield tag="999" ind1=" " ind2=" ">
		<subfield code="a">LP-S .V6458 D3.1</subfield>
		<subfield code="w">ASIS</subfield>
		<subfield code="c">1</subfield>
		<subfield code="i">32000001042862</subfield>
		<subfield code="d">9/11/2006</subfield>
		<subfield code="e">9/10/2006</subfield>
		<subfield code="l">PHONORECS</subfield>
		<subfield code="m">B-MUSIC</subfield>
		<subfield code="n">9</subfield>
		<subfield code="q">1</subfield>
		<subfield code="r">Y</subfield>
		<subfield code="s">Y</subfield>
		<subfield code="t">AV</subfield>
		<subfield code="u">11/5/2000</subfield>
		<subfield code="z">LP</subfield>
	  </datafield>
	</record>