
	<record>
	  <leader>01334cam a2200349 a 45 0</leader>
	  <controlfield tag="001">a246872</controlfield>
	  <controlfield tag="003">InU</controlfield>
	  <controlfield tag="008">890725s1990    nyua     b    00100 eng  </controlfield>
	  <datafield tag="010" ind1=" " ind2=" ">
		<subfield code="a">   89038316</subfield>
	  </datafield>
	  <datafield tag="020" ind1=" " ind2=" ">
		<subfield code="a">047162280X</subfield>
	  </datafield>
	  <datafield tag="035" ind1=" " ind2=" ">
		<subfield code="a">(InU)ACJ8853BB</subfield>
	  </datafield>
	  <datafield tag="035" ind1=" " ind2=" ">
		<subfield code="a">(OCoLC)ocm20261112</subfield>
	  </datafield>
	  <datafield tag="035" ind1=" " ind2=" ">
		<subfield code="9">(IP)ABT2930</subfield>
	  </datafield>
	  <datafield tag="040" ind1=" " ind2=" ">
		<subfield code="a">DLC</subfield>
		<subfield code="c">DLC</subfield>
	  </datafield>
	  <datafield tag="043" ind1=" " ind2=" ">
		<subfield code="a">e------</subfield>
	  </datafield>
	  <datafield tag="050" ind1=" " ind2="4">
		<subfield code="a">D900</subfield>
		<subfield code="b">.E97 1990</subfield>
	  </datafield>
	  <datafield tag="082" ind1="0" ind2="0">
		<subfield code="a">914</subfield>
		<subfield code="2">20</subfield>
	  </datafield>
	  <datafield tag="245" ind1="0" ind2="0">
		<subfield code="a">Europe in the 1990s :</subfield>
		<subfield code="b">a geographical analysis /</subfield>
		<subfield code="c">edited by George W. Hoffman ; contributors, Anthony de Souza ... [et al.].</subfield>
	  </datafield>
	  <datafield tag="250" ind1=" " ind2=" ">
		<subfield code="a">6th ed.</subfield>
	  </datafield>
	  <datafield tag="260" ind1="0" ind2=" ">
		<subfield code="a">New York :</subfield>
		<subfield code="b">Wiley,</subfield>
		<subfield code="c">c1990.</subfield>
	  </datafield>
	  <datafield tag="300" ind1=" " ind2=" ">
		<subfield code="a">xxiv, 759, 28 p. :</subfield>
		<subfield code="b">ill. ;</subfield>
		<subfield code="c">25 cm.</subfield>
	  </datafield>
	  <datafield tag="500" ind1=" " ind2=" ">
		<subfield code="a">Rev. ed. of: A Geography of Europe. 5th ed. 1983.</subfield>
	  </datafield>
	  <datafield tag="504" ind1=" " ind2=" ">
		<subfield code="a">Includes bibliographical references.</subfield>
	  </datafield>
	  <datafield tag="651" ind1=" " ind2="0">
		<subfield code="a">Europe</subfield>
		<subfield code="x">Geography.</subfield>
	  </datafield>
	  <datafield tag="700" ind1="1" ind2="0">
		<subfield code="a">Hoffman, George Walter,</subfield>
		<subfield code="d">1914-</subfield>
	  </datafield>
	  <datafield tag="700" ind1="1" ind2="0">
		<subfield code="a">De Souza, Anthony R.</subfield>
	  </datafield>
	  <datafield tag="730" ind1="0" ind2="1">
		<subfield code="a">Geography of Europe.</subfield>
	  </datafield>
	  <datafield tag="998" ind1=" " ind2=" ">
		<subfield code="a">3/19/1992</subfield>
		<subfield code="b">3/19/1992</subfield>
		<subfield code="c">3/19/1992</subfield>
	  </datafield>
	  <datafield tag="596" ind1=" " ind2=" ">
		<subfield code="a">5 12 42</subfield>
	  </datafield>
	  <datafield tag="999" ind1=" " ind2=" ">
		<subfield code="a">D900 .E97 1990</subfield>
		<subfield code="w">LC</subfield>
		<subfield code="c">1</subfield>
		<subfield code="i">30000027255805</subfield>
		<subfield code="d">2/24/1995</subfield>
		<subfield code="l">STACKS</subfield>
		<subfield code="m">B-GEOMAP</subfield>
		<subfield code="n">25</subfield>
		<subfield code="q">2</subfield>
		<subfield code="r">Y</subfield>
		<subfield code="s">Y</subfield>
		<subfield code="t">NORMAL</subfield>
		<subfield code="u">11/5/2000</subfield>
	  </datafield>
	  <datafield tag="999" ind1=" " ind2=" ">
		<subfield code="a">D900 .E97 1990</subfield>
		<subfield code="w">LC</subfield>
		<subfield code="c">1</subfield>
		<subfield code="i">30000027789928</subfield>
		<subfield code="d">9/17/1999</subfield>
		<subfield code="e">6/25/1999</subfield>
		<subfield code="l">STACKS</subfield>
		<subfield code="m">I-UNIVLIB</subfield>
		<subfield code="n">4</subfield>
		<subfield code="r">Y</subfield>
		<subfield code="s">Y</subfield>
		<subfield code="t">NORMAL</subfield>
		<subfield code="u">11/15/2000</subfield>
	  </datafield>
	  <datafield tag="999" ind1=" " ind2=" ">
		<subfield code="a">D900 .E97 1990</subfield>
		<subfield code="w">LC</subfield>
		<subfield code="c">1</subfield>
		<subfield code="i">30000105366334</subfield>
		<subfield code="d">1/7/2000</subfield>
		<subfield code="l">_ALF</subfield>
		<subfield code="m">B-ALF</subfield>
		<subfield code="n">3</subfield>
		<subfield code="r">Y</subfield>
		<subfield code="s">Y</subfield>
		<subfield code="t">NORMAL</subfield>
		<subfield code="u">11/28/2000</subfield>
		<subfield code="o">.STAFF.  djk</subfield>
	  </datafield>
	</record>