
	<record>
	  <leader>01489cam a22003858a 45 0</leader>
	  <controlfield tag="001">a247188</controlfield>
	  <controlfield tag="003">InU</controlfield>
	  <controlfield tag="008">910823s1991    mau      b    001 0 eng  </controlfield>
	  <datafield tag="010" ind1=" " ind2=" ">
		<subfield code="a">   91032833</subfield>
	  </datafield>
	  <datafield tag="020" ind1=" " ind2=" ">
		<subfield code="a">0917651871</subfield>
	  </datafield>
	  <datafield tag="020" ind1=" " ind2=" ">
		<subfield code="a">0917651898 (pbk.)</subfield>
	  </datafield>
	  <datafield tag="035" ind1=" " ind2=" ">
		<subfield code="a">(InU)ACJ9424BB</subfield>
	  </datafield>
	  <datafield tag="035" ind1=" " ind2=" ">
		<subfield code="a">(OCoLC)ocm24380247</subfield>
	  </datafield>
	  <datafield tag="040" ind1=" " ind2=" ">
		<subfield code="a">DLC</subfield>
		<subfield code="c">DLC</subfield>
		<subfield code="d">IUL</subfield>
	  </datafield>
	  <datafield tag="041" ind1="1" ind2=" ">
		<subfield code="a">eng</subfield>
		<subfield code="h">gre</subfield>
	  </datafield>
	  <datafield tag="049" ind1=" " ind2=" ">
		<subfield code="a">IULA</subfield>
	  </datafield>
	  <datafield tag="050" ind1="0" ind2="0">
		<subfield code="a">BT1392.E922</subfield>
		<subfield code="b">T7313 1991</subfield>
	  </datafield>
	  <datafield tag="082" ind1="0" ind2="0">
		<subfield code="a">299/.932</subfield>
		<subfield code="2">20</subfield>
	  </datafield>
	  <datafield tag="100" ind1="1" ind2="0">
		<subfield code="a">Trakatellis, Demetrios.</subfield>
	  </datafield>
	  <datafield tag="240" ind1="1" ind2="0">
		<subfield code="a">Hypervatikos Theos tou Eugnōstou.</subfield>
		<subfield code="l">English</subfield>
	  </datafield>
	  <datafield tag="245" ind1="1" ind2="4">
		<subfield code="a">The transcendent God of Eugnostos :</subfield>
		<subfield code="b">an exegetical contribution to the study of the Gnostic texts of Nag Hammadi with a retroversion of the Lost Original Greek text of Eugnostos the Blessed /</subfield>
		<subfield code="c">Demetrios Trakatellis : translated from the greek by Charles Sarelis.</subfield>
	  </datafield>
	  <datafield tag="260" ind1="0" ind2=" ">
		<subfield code="a">Brookline, Mass. :</subfield>
		<subfield code="b">Holy Cross Orthodox Press,</subfield>
		<subfield code="c">1991.</subfield>
	  </datafield>
	  <datafield tag="263" ind1=" " ind2=" ">
		<subfield code="a">9109</subfield>
	  </datafield>
	  <datafield tag="300" ind1=" " ind2=" ">
		<subfield code="a">xiv, 229 p. ;</subfield>
		<subfield code="c">24 cm.</subfield>
	  </datafield>
	  <datafield tag="500" ind1=" " ind2=" ">
		<subfield code="a">Translation of: Ho hypervatikos Theos tou Eugnōstou.</subfield>
	  </datafield>
	  <datafield tag="504" ind1=" " ind2=" ">
		<subfield code="a">Includes bibliographical references (p. 201-214).</subfield>
	  </datafield>
	  <datafield tag="630" ind1="0" ind2="0">
		<subfield code="a">Eugnostos the Blessed.</subfield>
	  </datafield>
	  <datafield tag="650" ind1=" " ind2="0">
		<subfield code="a">Transcendence of God.</subfield>
	  </datafield>
	  <datafield tag="650" ind1=" " ind2="0">
		<subfield code="a">Gnosticism.</subfield>
	  </datafield>
	  <datafield tag="630" ind1="0" ind2="0">
		<subfield code="a">Nag Hammadi codices.</subfield>
	  </datafield>
	  <datafield tag="700" ind1="1" ind2="0">
		<subfield code="a">Sarelis, Charles.</subfield>
	  </datafield>
	  <datafield tag="730" ind1="0" ind2="2">
		<subfield code="a">Eugnostos the Blessed.</subfield>
		<subfield code="l">Polyglot.</subfield>
		<subfield code="f">1991.</subfield>
	  </datafield>
	  <datafield tag="998" ind1=" " ind2=" ">
		<subfield code="a">3/19/1992</subfield>
		<subfield code="b">4/7/1992</subfield>
		<subfield code="c">3/19/1992</subfield>
	  </datafield>
	  <datafield tag="596" ind1=" " ind2=" ">
		<subfield code="a">1</subfield>
	  </datafield>
	  <datafield tag="999" ind1=" " ind2=" ">
		<subfield code="a">BT1392.E922 T7313 1991</subfield>
		<subfield code="w">LC</subfield>
		<subfield code="c">1</subfield>
		<subfield code="i">30000027087828</subfield>
		<subfield code="d">11/14/2008</subfield>
		<subfield code="e">9/8/2008</subfield>
		<subfield code="l">_RCSTACKS</subfield>
		<subfield code="m">B-WELLS</subfield>
		<subfield code="n">4</subfield>
		<subfield code="r">Y</subfield>
		<subfield code="s">Y</subfield>
		<subfield code="t">NORMAL</subfield>
		<subfield code="u">11/5/2000</subfield>
	  </datafield>
	</record>