
	<record>
	  <leader>01448cam a2200349 a 45 0</leader>
	  <controlfield tag="001">a247425</controlfield>
	  <controlfield tag="003">InU</controlfield>
	  <controlfield tag="008">750624s1884    enk      b    000 0 eng d</controlfield>
	  <datafield tag="010" ind1=" " ind2=" ">
		<subfield code="a">   16021273</subfield>
	  </datafield>
	  <datafield tag="035" ind1=" " ind2=" ">
		<subfield code="a">(InU)ACJ9911BY</subfield>
	  </datafield>
	  <datafield tag="035" ind1=" " ind2=" ">
		<subfield code="a">(OCoLC)ocm01408258</subfield>
	  </datafield>
	  <datafield tag="040" ind1=" " ind2=" ">
		<subfield code="c">IYU</subfield>
		<subfield code="d">m.c.</subfield>
	  </datafield>
	  <datafield tag="041" ind1="1" ind2=" ">
		<subfield code="a">eng</subfield>
		<subfield code="h">lat</subfield>
	  </datafield>
	  <datafield tag="049" ind1=" " ind2=" ">
		<subfield code="a">IULA</subfield>
	  </datafield>
	  <datafield tag="100" ind1="1" ind2="0">
		<subfield code="a">Symonds, John Addington,</subfield>
		<subfield code="d">1840-1893.</subfield>
	  </datafield>
	  <datafield tag="245" ind1="1" ind2="0">
		<subfield code="a">Wine, women, and song :</subfield>
		<subfield code="b">mediaeval Latin students' songs now first translated into English verse with an essay /</subfield>
		<subfield code="c">by John Addington Symonds.</subfield>
	  </datafield>
	  <datafield tag="260" ind1="0" ind2=" ">
		<subfield code="a">London :</subfield>
		<subfield code="b">Chatto &amp; Windus,</subfield>
		<subfield code="c">1884.</subfield>
	  </datafield>
	  <datafield tag="300" ind1=" " ind2=" ">
		<subfield code="a">[7], 2-183, [1] p. ;</subfield>
		<subfield code="c">18 cm.</subfield>
	  </datafield>
	  <datafield tag="500" ind1=" " ind2=" ">
		<subfield code="a">"In carrying out my plan, I shall confine myself principally, but not strictly, to the Carmina Burana."--p. 8.</subfield>
	  </datafield>
	  <datafield tag="504" ind1=" " ind2=" ">
		<subfield code="a">Includes bibliographical reference (p. 181).</subfield>
	  </datafield>
	  <datafield tag="510" ind1="4" ind2=" ">
		<subfield code="a">Babington, P.L.  Symonds</subfield>
		<subfield code="c">36</subfield>
	  </datafield>
	  <datafield tag="590" ind1=" " ind2=" ">
		<subfield code="a">Copy 2 is the large paper copy, inscribed by the author.</subfield>
	  </datafield>
	  <datafield tag="590" ind1=" " ind2=" ">
		<subfield code="a">Copy 1 is bound in parchment; copy 2 is bound in quarter parchment with grey boards.</subfield>
	  </datafield>
	  <datafield tag="591" ind1=" " ind2=" ">
		<subfield code="a"></subfield>
	  </datafield>
	  <datafield tag="650" ind1=" " ind2="0">
		<subfield code="a">Students' songs, Latin.</subfield>
	  </datafield>
	  <datafield tag="650" ind1=" " ind2="0">
		<subfield code="a">Students' songs, English.</subfield>
	  </datafield>
	  <datafield tag="650" ind1=" " ind2="0">
		<subfield code="a">Goliards</subfield>
		<subfield code="x">Songs and music.</subfield>
	  </datafield>
	  <datafield tag="730" ind1="0" ind2="1">
		<subfield code="a">Carmina burana.</subfield>
		<subfield code="l">English.</subfield>
	  </datafield>
	  <datafield tag="998" ind1=" " ind2=" ">
		<subfield code="a">3/20/1992</subfield>
		<subfield code="b">6/10/1992</subfield>
		<subfield code="c">3/20/1992</subfield>
	  </datafield>
	  <datafield tag="596" ind1=" " ind2=" ">
		<subfield code="a">19</subfield>
	  </datafield>
	  <datafield tag="999" ind1=" " ind2=" ">
		<subfield code="a">PR5522 .W767 1884</subfield>
		<subfield code="w">LC</subfield>
		<subfield code="c">1</subfield>
		<subfield code="i">30000025566815</subfield>
		<subfield code="l">_LILLSTKS</subfield>
		<subfield code="m">B-LILLY</subfield>
		<subfield code="r">Y</subfield>
		<subfield code="s">Y</subfield>
		<subfield code="t">NORMAL</subfield>
		<subfield code="u">11/5/2000</subfield>
	  </datafield>
	  <datafield tag="999" ind1=" " ind2=" ">
		<subfield code="a">PR5522 .W767 1884</subfield>
		<subfield code="w">LC</subfield>
		<subfield code="c">2</subfield>
		<subfield code="i">30000025567045</subfield>
		<subfield code="l">_LILLSTKS</subfield>
		<subfield code="m">B-LILLY</subfield>
		<subfield code="r">Y</subfield>
		<subfield code="s">Y</subfield>
		<subfield code="t">NORMAL</subfield>
		<subfield code="u">11/5/2000</subfield>
	  </datafield>
	</record>