
	<record>
	  <leader>01674cam a2200361 a 45 0</leader>
	  <controlfield tag="001">a247614</controlfield>
	  <controlfield tag="003">InU</controlfield>
	  <controlfield tag="008">920103s1991    dcuabo        000 0 eng d</controlfield>
	  <datafield tag="035" ind1=" " ind2=" ">
		<subfield code="a">(InU)ACK0215BB</subfield>
	  </datafield>
	  <datafield tag="035" ind1=" " ind2=" ">
		<subfield code="a">(OCoLC)ocm25045038</subfield>
	  </datafield>
	  <datafield tag="040" ind1=" " ind2=" ">
		<subfield code="a">ICY</subfield>
		<subfield code="c">ICY</subfield>
	  </datafield>
	  <datafield tag="043" ind1=" " ind2=" ">
		<subfield code="a">ap-----</subfield>
		<subfield code="a">ar-----</subfield>
	  </datafield>
	  <datafield tag="049" ind1=" " ind2=" ">
		<subfield code="a">IULA</subfield>
	  </datafield>
	  <datafield tag="090" ind1=" " ind2=" ">
		<subfield code="a">TD194.68.P47</subfield>
		<subfield code="b">W5 1991</subfield>
	  </datafield>
	  <datafield tag="100" ind1="1" ind2="0">
		<subfield code="a">Williams, Richard S.,</subfield>
		<subfield code="c">Jr.</subfield>
	  </datafield>
	  <datafield tag="245" ind1="1" ind2="0">
		<subfield code="a">Environmental consequences of the Persian Gulf War, 1990-1991 :</subfield>
		<subfield code="b">remote-sensing datasets of Kuwait and environs /</subfield>
		<subfield code="c">by Richard S. Williams, Joanne Heckman, Jon Schneeberger.</subfield>
	  </datafield>
	  <datafield tag="260" ind1="0" ind2=" ">
		<subfield code="a">Washington, D.C. :</subfield>
		<subfield code="b">National Geographic Society,</subfield>
		<subfield code="c">c1991.</subfield>
	  </datafield>
	  <datafield tag="300" ind1=" " ind2=" ">
		<subfield code="a">48 p. :</subfield>
		<subfield code="b">ill., maps ;</subfield>
		<subfield code="c">28 cm.</subfield>
	  </datafield>
	  <datafield tag="500" ind1=" " ind2=" ">
		<subfield code="a">"A special issue of: Research &amp; exploration / National Geographic Society, Committee for Research and Exploration."</subfield>
	  </datafield>
	  <datafield tag="504" ind1=" " ind2=" ">
		<subfield code="a">References: p. 44.</subfield>
	  </datafield>
	  <datafield tag="650" ind1=" " ind2="0">
		<subfield code="a">Persian Gulf War, 1991</subfield>
		<subfield code="x">Environmental aspects.</subfield>
	  </datafield>
	  <datafield tag="650" ind1=" " ind2="0">
		<subfield code="a">Pollution</subfield>
		<subfield code="z">Persian Gulf Region</subfield>
		<subfield code="x">Remote sensing.</subfield>
	  </datafield>
	  <datafield tag="650" ind1=" " ind2="0">
		<subfield code="a">Pollution</subfield>
		<subfield code="z">Persian Gulf States</subfield>
		<subfield code="x">Remote sensing.</subfield>
	  </datafield>
	  <datafield tag="650" ind1=" " ind2="0">
		<subfield code="a">Environmental monitoring</subfield>
		<subfield code="z">Persian Gulf Region.</subfield>
	  </datafield>
	  <datafield tag="650" ind1=" " ind2="0">
		<subfield code="a">Environmental monitoring</subfield>
		<subfield code="z">Persian Gulf States.</subfield>
	  </datafield>
	  <datafield tag="700" ind1="1" ind2="0">
		<subfield code="a">Heckman, Joanne.</subfield>
	  </datafield>
	  <datafield tag="700" ind1="1" ind2="0">
		<subfield code="a">Schneeberger, Jon.</subfield>
	  </datafield>
	  <datafield tag="710" ind1="2" ind2="0">
		<subfield code="a">National Geographic Society (U.S.).</subfield>
		<subfield code="b">Committee for Research and Exploration.</subfield>
	  </datafield>
	  <datafield tag="730" ind1="0" ind2="1">
		<subfield code="a">Research &amp; exploration.</subfield>
		<subfield code="p">Special issue.</subfield>
		<subfield code="f">1991</subfield>
		<subfield code="x">8755-724X</subfield>
	  </datafield>
	  <datafield tag="998" ind1=" " ind2=" ">
		<subfield code="a">3/20/1992</subfield>
		<subfield code="b">1/12/1998</subfield>
		<subfield code="c">3/20/1992</subfield>
	  </datafield>
	  <datafield tag="596" ind1=" " ind2=" ">
		<subfield code="a">11 42</subfield>
	  </datafield>
	  <datafield tag="999" ind1=" " ind2=" ">
		<subfield code="a">TD194.68.P47 W56 1991</subfield>
		<subfield code="w">LC</subfield>
		<subfield code="c">1</subfield>
		<subfield code="i">30000025334172</subfield>
		<subfield code="d">11/20/2001</subfield>
		<subfield code="e">10/16/2001</subfield>
		<subfield code="l">STACKS</subfield>
		<subfield code="m">I-UNIVLIB</subfield>
		<subfield code="n">2</subfield>
		<subfield code="r">Y</subfield>
		<subfield code="s">Y</subfield>
		<subfield code="t">NORMAL</subfield>
		<subfield code="u">11/15/2000</subfield>
	  </datafield>
	  <datafield tag="999" ind1=" " ind2=" ">
		<subfield code="a">TD194.68.P47 W5 1991</subfield>
		<subfield code="w">LC</subfield>
		<subfield code="c">1</subfield>
		<subfield code="i">30000027071269</subfield>
		<subfield code="l">STACKS</subfield>
		<subfield code="m">B-GEOLOGY</subfield>
		<subfield code="r">Y</subfield>
		<subfield code="s">Y</subfield>
		<subfield code="t">NORMAL</subfield>
		<subfield code="u">11/5/2000</subfield>
	  </datafield>
	</record>