
	<record>
	  <leader>00946cam a2200253 a 45 0</leader>
	  <controlfield tag="001">a248056</controlfield>
	  <controlfield tag="003">InU</controlfield>
	  <controlfield tag="008">920314s1991    uzr      b    000 0 uzbod</controlfield>
	  <datafield tag="035" ind1=" " ind2=" ">
		<subfield code="a">(InU)ACK1062BB</subfield>
	  </datafield>
	  <datafield tag="035" ind1=" " ind2=" ">
		<subfield code="a">(OCoLC)ocm25478395</subfield>
	  </datafield>
	  <datafield tag="100" ind1="1" ind2="0">
		<subfield code="a">Zhŭraev, Mamatqul.</subfield>
	  </datafield>
	  <datafield tag="245" ind1="1" ind2="0">
		<subfield code="a">Ŭzbek khalq ėrtaklarida "seḣrli" raqamlar /</subfield>
		<subfield code="c">Mamatqul Zhŭraev.</subfield>
	  </datafield>
	  <datafield tag="246" ind1="1" ind2=" ">
		<subfield code="i">Title on verso t.p.:</subfield>
		<subfield code="a">Magicheskie chisla v uzbekskikh narodnykh skazkakh.</subfield>
	  </datafield>
	  <datafield tag="260" ind1="0" ind2=" ">
		<subfield code="a">Toshkent :</subfield>
		<subfield code="b">"Fan",</subfield>
		<subfield code="c">1991.</subfield>
	  </datafield>
	  <datafield tag="300" ind1=" " ind2=" ">
		<subfield code="a">152 p. ;</subfield>
		<subfield code="c">20 cm.</subfield>
	  </datafield>
	  <datafield tag="500" ind1=" " ind2=" ">
		<subfield code="a">At head of title: Ŭzbekiston SSZh Fanlar akademii͡asi. Adabiët instituti.</subfield>
	  </datafield>
	  <datafield tag="504" ind1=" " ind2=" ">
		<subfield code="a">Includes bibliographical references.</subfield>
	  </datafield>
	  <datafield tag="591" ind1=" " ind2=" ">
		<subfield code="a"></subfield>
	  </datafield>
	  <datafield tag="650" ind1=" " ind2="0">
		<subfield code="a">Folk literature, Uzbek.</subfield>
	  </datafield>
	  <datafield tag="650" ind1=" " ind2="0">
		<subfield code="a">Uzbeks</subfield>
		<subfield code="x">Folklore.</subfield>
	  </datafield>
	  <datafield tag="650" ind1=" " ind2="0">
		<subfield code="a">Symbolism of numbers.</subfield>
	  </datafield>
	  <datafield tag="998" ind1=" " ind2=" ">
		<subfield code="a">3/23/1992</subfield>
		<subfield code="b">8/30/1995</subfield>
		<subfield code="c">3/23/1992</subfield>
	  </datafield>
	  <datafield tag="596" ind1=" " ind2=" ">
		<subfield code="a">1</subfield>
	  </datafield>
	  <datafield tag="999" ind1=" " ind2=" ">
		<subfield code="a">GR300.2.U9 Z52 1991</subfield>
		<subfield code="w">LC</subfield>
		<subfield code="c">1</subfield>
		<subfield code="i">30000025547880</subfield>
		<subfield code="d">8/11/2009</subfield>
		<subfield code="e">7/1/2009</subfield>
		<subfield code="l">_RCFOLK</subfield>
		<subfield code="m">B-WELLS</subfield>
		<subfield code="n">1</subfield>
		<subfield code="q">1</subfield>
		<subfield code="r">Y</subfield>
		<subfield code="s">Y</subfield>
		<subfield code="t">NORMAL</subfield>
		<subfield code="u">11/5/2000</subfield>
		<subfield code="x">FOLKLORE</subfield>
	  </datafield>
	</record>