
	<record>
	  <leader>02046cas a2200421 a 45 0</leader>
	  <controlfield tag="001">a248176</controlfield>
	  <controlfield tag="003">InU</controlfield>
	  <controlfield tag="008">920915c19909999gs qr p       0    0geo d</controlfield>
	  <datafield tag="010" ind1=" " ind2=" ">
		<subfield code="a">sn 92028521</subfield>
	  </datafield>
	  <datafield tag="035" ind1=" " ind2=" ">
		<subfield code="a">(InU)ACK1321BB</subfield>
	  </datafield>
	  <datafield tag="035" ind1=" " ind2=" ">
		<subfield code="a">(OCoLC)ocm26605855</subfield>
	  </datafield>
	  <datafield tag="040" ind1=" " ind2=" ">
		<subfield code="a">IUL</subfield>
		<subfield code="c">IUL</subfield>
	  </datafield>
	  <datafield tag="041" ind1="0" ind2=" ">
		<subfield code="a">geo</subfield>
		<subfield code="b">engrus</subfield>
		<subfield code="f">engrus</subfield>
	  </datafield>
	  <datafield tag="049" ind1=" " ind2=" ">
		<subfield code="a">IULA</subfield>
	  </datafield>
	  <datafield tag="050" ind1="1" ind2="4">
		<subfield code="a">DK511.G3</subfield>
		<subfield code="b">S25</subfield>
	  </datafield>
	  <datafield tag="245" ind1="0" ind2="0">
		<subfield code="a">Sakʻartʻvelos mecʻnierebatʻa akademiis macʻne.</subfield>
		<subfield code="p">Istoriis, etʻnograpʻiisa da xelovnebis istoriis seria =</subfield>
		<subfield code="b">Izvestii͡a Akademii nauk Gruzii.  Seriia istorii, ėtnografii i istorii iskusstva.</subfield>
	  </datafield>
	  <datafield tag="246" ind1="1" ind2="0">
		<subfield code="a">Istoriis, etʻnograpʻiisa da xelovnebis istoriis seria</subfield>
	  </datafield>
	  <datafield tag="246" ind1="1" ind2="0">
		<subfield code="a">Serii͡a istorii, ėtnografii i istorii iskusstva</subfield>
	  </datafield>
	  <datafield tag="246" ind1="1" ind2="1">
		<subfield code="a">Izvestii͡a Akademii nauk Gruzii.</subfield>
		<subfield code="p">Serii͡a istorii, ėtnografii i istorii iskusstva</subfield>
	  </datafield>
	  <datafield tag="260" ind1="0" ind2="0">
		<subfield code="a">Tbilisi :</subfield>
		<subfield code="b">Gamomcʻemloba "Mecʻniereba,"</subfield>
		<subfield code="c">1990-</subfield>
	  </datafield>
	  <datafield tag="300" ind1=" " ind2=" ">
		<subfield code="a">v. :</subfield>
		<subfield code="b">ill. ;</subfield>
		<subfield code="c">26 cm.</subfield>
	  </datafield>
	  <datafield tag="310" ind1=" " ind2=" ">
		<subfield code="a">Quarterly</subfield>
	  </datafield>
	  <datafield tag="362" ind1="0" ind2=" ">
		<subfield code="a">1990, 4-</subfield>
	  </datafield>
	  <datafield tag="546" ind1=" " ind2=" ">
		<subfield code="a">In Georgian; table of contents also in English and Russian; summaries in English and Russian.</subfield>
	  </datafield>
	  <datafield tag="591" ind1=" " ind2=" ">
		<subfield code="a"></subfield>
	  </datafield>
	  <datafield tag="650" ind1=" " ind2="0">
		<subfield code="a">History</subfield>
		<subfield code="x">Periodicals.</subfield>
	  </datafield>
	  <datafield tag="650" ind1=" " ind2="0">
		<subfield code="a">Ethnology</subfield>
		<subfield code="x">Periodicals.</subfield>
	  </datafield>
	  <datafield tag="650" ind1=" " ind2="0">
		<subfield code="a">Art</subfield>
		<subfield code="x">History</subfield>
		<subfield code="x">Periodicals.</subfield>
	  </datafield>
	  <datafield tag="650" ind1=" " ind2="0">
		<subfield code="a">Archaeology</subfield>
		<subfield code="x">Periodicals.</subfield>
	  </datafield>
	  <datafield tag="710" ind1="2" ind2="0">
		<subfield code="a">Sakʻartʻvelos mecʻnierebatʻa akademia.</subfield>
	  </datafield>
	  <datafield tag="780" ind1="0" ind2="0">
		<subfield code="t">Sakʻartʻvelos SSR mecʻnierebatʻa akademiis macʻne.  Istoriis, etʻnograpʻiisa da xelovnebis istoriis seria</subfield>
		<subfield code="w">(DLC)sn 92028517</subfield>
		<subfield code="w">(OCoLC)26605389</subfield>
	  </datafield>
	  <datafield tag="850" ind1=" " ind2=" ">
		<subfield code="a">InU</subfield>
	  </datafield>
	  <datafield tag="998" ind1=" " ind2=" ">
		<subfield code="a">3/23/1992</subfield>
		<subfield code="b">9/16/1992</subfield>
		<subfield code="c">3/23/1992</subfield>
	  </datafield>
	  <datafield tag="596" ind1=" " ind2=" ">
		<subfield code="a">1</subfield>
	  </datafield>
	  <datafield tag="999" ind1=" " ind2=" ">
		<subfield code="a">DK511.G3 S25 1990</subfield>
		<subfield code="w">LC</subfield>
		<subfield code="c">1</subfield>
		<subfield code="i">30000026544746</subfield>
		<subfield code="d">11/15/2010</subfield>
		<subfield code="e">9/30/2010</subfield>
		<subfield code="l">_RCSTACKS</subfield>
		<subfield code="m">B-WELLS</subfield>
		<subfield code="q">1</subfield>
		<subfield code="r">Y</subfield>
		<subfield code="s">Y</subfield>
		<subfield code="t">PERIOD</subfield>
		<subfield code="u">11/5/2000</subfield>
	  </datafield>
	  <datafield tag="999" ind1=" " ind2=" ">
		<subfield code="a">DK511.G3 S25 1991,no.2</subfield>
		<subfield code="w">LC</subfield>
		<subfield code="c">1</subfield>
		<subfield code="i">30000027937915</subfield>
		<subfield code="d">11/15/2010</subfield>
		<subfield code="e">9/30/2010</subfield>
		<subfield code="l">_RCSTACKS</subfield>
		<subfield code="m">B-WELLS</subfield>
		<subfield code="r">Y</subfield>
		<subfield code="s">Y</subfield>
		<subfield code="t">PERIOD</subfield>
		<subfield code="u">11/5/2000</subfield>
	  </datafield>
	  <datafield tag="999" ind1=" " ind2=" ">
		<subfield code="a">DK511.G3 S25 1991,no.3-4</subfield>
		<subfield code="w">LC</subfield>
		<subfield code="c">1</subfield>
		<subfield code="i">30000028795452</subfield>
		<subfield code="d">11/15/2010</subfield>
		<subfield code="e">9/30/2010</subfield>
		<subfield code="l">_RCSTACKS</subfield>
		<subfield code="m">B-WELLS</subfield>
		<subfield code="r">Y</subfield>
		<subfield code="s">Y</subfield>
		<subfield code="t">PERIOD</subfield>
		<subfield code="u">11/5/2000</subfield>
	  </datafield>
	  <datafield tag="999" ind1=" " ind2=" ">
		<subfield code="a">DK511.G3 S25 1992,no.1-2</subfield>
		<subfield code="w">LC</subfield>
		<subfield code="c">1</subfield>
		<subfield code="i">30000007824356</subfield>
		<subfield code="d">11/15/2010</subfield>
		<subfield code="e">9/30/2010</subfield>
		<subfield code="l">_RCSTACKS</subfield>
		<subfield code="m">B-WELLS</subfield>
		<subfield code="r">Y</subfield>
		<subfield code="s">Y</subfield>
		<subfield code="t">PERIOD</subfield>
		<subfield code="u">11/5/2000</subfield>
	  </datafield>
	</record>