
	<record>
	  <leader>01615cas a2200505   4500</leader>
	  <controlfield tag="001">a248742</controlfield>
	  <controlfield tag="003">InU</controlfield>
	  <controlfield tag="008">920330d19901990er  x         0    0rus d</controlfield>
	  <datafield tag="010" ind1=" " ind2=" ">
		<subfield code="a">   96651220 </subfield>
		<subfield code="z">sn 92028185</subfield>
	  </datafield>
	  <datafield tag="012" ind1=" " ind2=" ">
		<subfield code="i">9203</subfield>
	  </datafield>
	  <datafield tag="019" ind1=" " ind2=" ">
		<subfield code="a">28606723</subfield>
	  </datafield>
	  <datafield tag="022" ind1=" " ind2=" ">
		<subfield code="y">0207-4702</subfield>
	  </datafield>
	  <datafield tag="035" ind1=" " ind2=" ">
		<subfield code="a">(OCoLC)ocm25560454</subfield>
	  </datafield>
	  <datafield tag="035" ind1=" " ind2=" ">
		<subfield code="a">(OCoLC)25560454</subfield>
	  </datafield>
	  <datafield tag="040" ind1=" " ind2=" ">
		<subfield code="a">IUL</subfield>
		<subfield code="c">IUL</subfield>
		<subfield code="d">DLC</subfield>
		<subfield code="d">IUL</subfield>
		<subfield code="d">DLC</subfield>
		<subfield code="d">WAU</subfield>
		<subfield code="d">OCL</subfield>
		<subfield code="d">OCLCQ</subfield>
		<subfield code="d">DLC</subfield>
		<subfield code="d">IUL</subfield>
		<subfield code="d">OCLCG</subfield>
	  </datafield>
	  <datafield tag="042" ind1=" " ind2=" ">
		<subfield code="a">lc</subfield>
	  </datafield>
	  <datafield tag="049" ind1=" " ind2=" ">
		<subfield code="a">IULA</subfield>
	  </datafield>
	  <datafield tag="050" ind1="0" ind2="0">
		<subfield code="a">AS262.T22</subfield>
		<subfield code="b">A25 subser.</subfield>
		<subfield code="a">PG3453.B6</subfield>
	  </datafield>
	  <datafield tag="050" ind1="1" ind2="4">
		<subfield code="a">PG3453.B6</subfield>
		<subfield code="b">Z686</subfield>
	  </datafield>
	  <datafield tag="090" ind1=" " ind2=" ">
		<subfield code="a">049  IULA</subfield>
	  </datafield>
	  <datafield tag="245" ind1="0" ind2="0">
		<subfield code="6">880-01</subfield>
		<subfield code="a">Tartu Ülikooli toimetised.</subfield>
		<subfield code="p">Blokovskiĭ sbornik.</subfield>
	  </datafield>
	  <datafield tag="246" ind1="3" ind2="0">
		<subfield code="6">880-02</subfield>
		<subfield code="a">Blokovskiĭ sbornik</subfield>
	  </datafield>
	  <datafield tag="260" ind1=" " ind2=" ">
		<subfield code="a">Tartu :</subfield>
		<subfield code="b">Tartu Ülikool,</subfield>
		<subfield code="c">1990.</subfield>
	  </datafield>
	  <datafield tag="300" ind1=" " ind2=" ">
		<subfield code="a">2 v. ;</subfield>
		<subfield code="c">22 cm.</subfield>
	  </datafield>
	  <datafield tag="310" ind1=" " ind2=" ">
		<subfield code="a">Irregular</subfield>
	  </datafield>
	  <datafield tag="362" ind1="0" ind2=" ">
		<subfield code="a">10-11.</subfield>
	  </datafield>
	  <datafield tag="440" ind1=" " ind2="0">
		<subfield code="a">Tartu Ülikooli toimetised,</subfield>
		<subfield code="x">0494-7304</subfield>
	  </datafield>
	  <datafield tag="546" ind1=" " ind2=" ">
		<subfield code="a">In Russian.</subfield>
	  </datafield>
	  <datafield tag="600" ind1="1" ind2="0">
		<subfield code="6">880-03</subfield>
		<subfield code="a">Blok, Aleksandr Aleksandrovich,</subfield>
		<subfield code="d">1880-1921.</subfield>
	  </datafield>
	  <datafield tag="650" ind1=" " ind2="0">
		<subfield code="a">Russian literature</subfield>
		<subfield code="y">20th century.</subfield>
	  </datafield>
	  <datafield tag="710" ind1="2" ind2=" ">
		<subfield code="a">Tartu Ülikool.</subfield>
	  </datafield>
	  <datafield tag="780" ind1="0" ind2="0">
		<subfield code="6">880-04</subfield>
		<subfield code="t">Tartu Riikliku Ülikooli toimetised. Blokovskiĭ sbornik</subfield>
		<subfield code="x">0207-4702</subfield>
		<subfield code="w">(DLC)sf 95020404</subfield>
		<subfield code="w">(OCoLC)14063905</subfield>
	  </datafield>
	  <datafield tag="785" ind1="0" ind2="0">
		<subfield code="6">880-05</subfield>
		<subfield code="t">Blokovskiĭ sbornik</subfield>
		<subfield code="w">(DLC)  2001252370</subfield>
		<subfield code="w">(OCoLC)34661610</subfield>
	  </datafield>
	  <datafield tag="850" ind1=" " ind2=" ">
		<subfield code="a">DLC</subfield>
		<subfield code="a">InU</subfield>
	  </datafield>
	  <datafield tag="880" ind1="0" ind2="0">
		<subfield code="a"></subfield>
	  </datafield>
	  <datafield tag="880" ind1="3" ind2="0">
		<subfield code="a"></subfield>
	  </datafield>
	  <datafield tag="880" ind1="1" ind2="0">
		<subfield code="a"></subfield>
	  </datafield>
	  <datafield tag="880" ind1="0" ind2="0">
		<subfield code="a"></subfield>
	  </datafield>
	  <datafield tag="880" ind1="0" ind2="0">
		<subfield code="a"></subfield>
	  </datafield>
	  <datafield tag="035" ind1=" " ind2=" ">
		<subfield code="a">(OCoLC)ocm25560454</subfield>
	  </datafield>
	  <datafield tag="035" ind1=" " ind2=" ">
		<subfield code="a">(OCoLC)25560454</subfield>
	  </datafield>
	  <datafield tag="035" ind1=" " ind2=" ">
		<subfield code="a">(OCoLC)ocm25560454</subfield>
	  </datafield>
	  <datafield tag="035" ind1=" " ind2=" ">
		<subfield code="a">(InU)ACK2228BB</subfield>
	  </datafield>
	  <datafield tag="596" ind1=" " ind2=" ">
		<subfield code="a">1</subfield>
	  </datafield>
	  <datafield tag="999" ind1=" " ind2=" ">
		<subfield code="a">PG3453.B6 Z524 v.11 1990</subfield>
		<subfield code="w">LC</subfield>
		<subfield code="c">1</subfield>
		<subfield code="i">30000010005894</subfield>
		<subfield code="d">11/21/2009</subfield>
		<subfield code="e">10/7/2009</subfield>
		<subfield code="l">_RCSTACKS</subfield>
		<subfield code="m">B-WELLS</subfield>
		<subfield code="q">1</subfield>
		<subfield code="r">Y</subfield>
		<subfield code="s">Y</subfield>
		<subfield code="t">PERIOD</subfield>
		<subfield code="u">11/5/2000</subfield>
		<subfield code="o">.STAFF.  1990</subfield>
	  </datafield>
	</record>