
	<record>
	  <leader>01565cas a2200445 a 45 0</leader>
	  <controlfield tag="001">a249008</controlfield>
	  <controlfield tag="003">InU</controlfield>
	  <controlfield tag="008">880209c19889999nyumn1p   o   0   a0eng d</controlfield>
	  <datafield tag="010" ind1=" " ind2=" ">
		<subfield code="a">sn 88009168</subfield>
	  </datafield>
	  <datafield tag="012" ind1=" " ind2=" ">
		<subfield code="i">9305</subfield>
		<subfield code="l">1</subfield>
	  </datafield>
	  <datafield tag="022" ind1="0" ind2=" ">
		<subfield code="a">0897-263X</subfield>
	  </datafield>
	  <datafield tag="035" ind1=" " ind2=" ">
		<subfield code="a">(InU)ACK2700SB</subfield>
	  </datafield>
	  <datafield tag="035" ind1=" " ind2=" ">
		<subfield code="a">(OCoLC)ocm17452154</subfield>
	  </datafield>
	  <datafield tag="040" ind1=" " ind2=" ">
		<subfield code="a">NSD</subfield>
		<subfield code="c">NSD</subfield>
		<subfield code="d">IUL</subfield>
	  </datafield>
	  <datafield tag="042" ind1=" " ind2=" ">
		<subfield code="a">nsdp</subfield>
		<subfield code="a">lcd</subfield>
	  </datafield>
	  <datafield tag="049" ind1=" " ind2=" ">
		<subfield code="a">IULA</subfield>
	  </datafield>
	  <datafield tag="050" ind1="1" ind2="4">
		<subfield code="a">PE1404</subfield>
		<subfield code="b">.C65</subfield>
	  </datafield>
	  <datafield tag="082" ind1="1" ind2="0">
		<subfield code="a">808</subfield>
		<subfield code="2">11</subfield>
	  </datafield>
	  <datafield tag="210" ind1="0" ind2=" ">
		<subfield code="a">Compos. chron.</subfield>
	  </datafield>
	  <datafield tag="222" ind1=" " ind2="0">
		<subfield code="a">Composition chronicle</subfield>
	  </datafield>
	  <datafield tag="245" ind1="0" ind2="0">
		<subfield code="a">Composition chronicle.</subfield>
	  </datafield>
	  <datafield tag="246" ind1="1" ind2="3">
		<subfield code="a">CC</subfield>
		<subfield code="f">&lt;Sept. 1992-&gt;</subfield>
	  </datafield>
	  <datafield tag="260" ind1=" " ind2="0">
		<subfield code="a">LeRoy, N.Y. :</subfield>
		<subfield code="b">Viceroy Publications,</subfield>
		<subfield code="c">c1988-</subfield>
	  </datafield>
	  <datafield tag="265" ind1=" " ind2=" ">
		<subfield code="a">Composition Chronicle, P.O. Box 39, LeRoy, NY 14482</subfield>
	  </datafield>
	  <datafield tag="300" ind1=" " ind2=" ">
		<subfield code="a">v. :</subfield>
		<subfield code="b">ill. ;</subfield>
		<subfield code="c">28 cm.</subfield>
	  </datafield>
	  <datafield tag="310" ind1=" " ind2=" ">
		<subfield code="a">Nine no. a year (monthly during academic year)</subfield>
	  </datafield>
	  <datafield tag="350" ind1=" " ind2=" ">
		<subfield code="a">$25.00</subfield>
	  </datafield>
	  <datafield tag="362" ind1="0" ind2=" ">
		<subfield code="a">Vol. 1, no. 1 (Feb. 1988)-</subfield>
	  </datafield>
	  <datafield tag="500" ind1=" " ind2=" ">
		<subfield code="a">Title from caption.</subfield>
	  </datafield>
	  <datafield tag="500" ind1=" " ind2=" ">
		<subfield code="a">Published: Livonia, NY, &lt;Sept. 1992-&gt;</subfield>
	  </datafield>
	  <datafield tag="521" ind1="8" ind2=" ">
		<subfield code="a">"Newsletter for writing teachers."</subfield>
	  </datafield>
	  <datafield tag="591" ind1=" " ind2=" ">
		<subfield code="a"></subfield>
	  </datafield>
	  <datafield tag="650" ind1=" " ind2="0">
		<subfield code="a">English language</subfield>
		<subfield code="x">Composition and exercises</subfield>
		<subfield code="x">Study and teaching</subfield>
		<subfield code="x">Periodicals.</subfield>
	  </datafield>
	  <datafield tag="650" ind1=" " ind2="0">
		<subfield code="a">English language</subfield>
		<subfield code="x">Rhetoric</subfield>
		<subfield code="x">Study and teaching</subfield>
		<subfield code="x">Periodicals.</subfield>
	  </datafield>
	  <datafield tag="850" ind1=" " ind2=" ">
		<subfield code="a">InU</subfield>
	  </datafield>
	  <datafield tag="998" ind1=" " ind2=" ">
		<subfield code="a">3/24/1992</subfield>
		<subfield code="b">5/5/1993</subfield>
		<subfield code="c">3/24/1992</subfield>
	  </datafield>
	  <datafield tag="596" ind1=" " ind2=" ">
		<subfield code="a">46</subfield>
	  </datafield>
	  <datafield tag="999" ind1=" " ind2=" ">
		<subfield code="a">PE1404 .C65</subfield>
		<subfield code="w">LC</subfield>
		<subfield code="c">1</subfield>
		<subfield code="i">249008-2001</subfield>
		<subfield code="l">PERIODICAL</subfield>
		<subfield code="m">SBEND</subfield>
		<subfield code="r">Y</subfield>
		<subfield code="s">Y</subfield>
		<subfield code="t">NONCIRC</subfield>
		<subfield code="u">11/5/2000</subfield>
	  </datafield>
	  <datafield tag="999" ind1=" " ind2=" ">
		<subfield code="a">PE1404 .C65 v.5:4-8 1992-1996</subfield>
		<subfield code="w">LC</subfield>
		<subfield code="c">1</subfield>
		<subfield code="i">30000084488232</subfield>
		<subfield code="l">PERIODICAL</subfield>
		<subfield code="m">SBEND</subfield>
		<subfield code="r">N</subfield>
		<subfield code="s">Y</subfield>
		<subfield code="t">NONCIRC</subfield>
		<subfield code="u">3/6/2003</subfield>
	  </datafield>
	  <datafield tag="999" ind1=" " ind2=" ">
		<subfield code="a">PE1404 .C65 v. 9-12,no.1 1996-1999</subfield>
		<subfield code="w">LC</subfield>
		<subfield code="c">1</subfield>
		<subfield code="i">30000103315804</subfield>
		<subfield code="l">PERIODICAL</subfield>
		<subfield code="m">SBEND</subfield>
		<subfield code="r">N</subfield>
		<subfield code="s">Y</subfield>
		<subfield code="t">NONCIRC</subfield>
		<subfield code="u">3/6/2003</subfield>
	  </datafield>
	</record>