
	<record>
	  <leader>00889cam a22002655  45 0</leader>
	  <controlfield tag="001">a249015</controlfield>
	  <controlfield tag="003">InU</controlfield>
	  <controlfield tag="008">820205s1966    tu       bd   000 0 tur d</controlfield>
	  <datafield tag="035" ind1=" " ind2=" ">
		<subfield code="a">(InU)ACK2714BY</subfield>
	  </datafield>
	  <datafield tag="035" ind1=" " ind2=" ">
		<subfield code="a">(OCoLC)ocm08130975</subfield>
	  </datafield>
	  <datafield tag="040" ind1=" " ind2=" ">
		<subfield code="a">HDC</subfield>
		<subfield code="c">HDC</subfield>
		<subfield code="d">m/c</subfield>
	  </datafield>
	  <datafield tag="049" ind1=" " ind2=" ">
		<subfield code="a">IULA</subfield>
	  </datafield>
	  <datafield tag="090" ind1=" " ind2=" ">
		<subfield code="a">PL191</subfield>
		<subfield code="b">.T82 1966</subfield>
	  </datafield>
	  <datafield tag="100" ind1="1" ind2="0">
		<subfield code="a">Tuğlacı, Pars</subfield>
	  </datafield>
	  <datafield tag="245" ind1="1" ind2="0">
		<subfield code="a">Büyük Türkçe-İngilizce sözlük /</subfield>
		<subfield code="c">hazırlayan Pars Tuğlacı.</subfield>
	  </datafield>
	  <datafield tag="260" ind1="0" ind2=" ">
		<subfield code="a">İstanbul :</subfield>
		<subfield code="b">Sermet Matbaasi,</subfield>
		<subfield code="c">1966.</subfield>
	  </datafield>
	  <datafield tag="300" ind1=" " ind2=" ">
		<subfield code="a">948, [10] p. ;</subfield>
		<subfield code="c">24 cm.</subfield>
	  </datafield>
	  <datafield tag="500" ind1=" " ind2=" ">
		<subfield code="a">Added t.p.: A Turkish-English comprehensive dictionary.</subfield>
	  </datafield>
	  <datafield tag="504" ind1=" " ind2=" ">
		<subfield code="a">Bibliography: p. [10] (2d group)</subfield>
	  </datafield>
	  <datafield tag="591" ind1=" " ind2=" ">
		<subfield code="a"></subfield>
	  </datafield>
	  <datafield tag="650" ind1=" " ind2="0">
		<subfield code="a">Turkish language</subfield>
		<subfield code="x">Dictionaries</subfield>
		<subfield code="x">English.</subfield>
	  </datafield>
	  <datafield tag="740" ind1="2" ind2="1">
		<subfield code="a">A Turkish-English comprehensive dictionary.</subfield>
	  </datafield>
	  <datafield tag="998" ind1=" " ind2=" ">
		<subfield code="a">3/24/1992</subfield>
		<subfield code="b">3/24/1992</subfield>
		<subfield code="c">3/24/1992</subfield>
	  </datafield>
	  <datafield tag="596" ind1=" " ind2=" ">
		<subfield code="a">19</subfield>
	  </datafield>
	  <datafield tag="999" ind1=" " ind2=" ">
		<subfield code="a">4-9483</subfield>
		<subfield code="w">ALPHANUM</subfield>
		<subfield code="c">1</subfield>
		<subfield code="i">249015-2001</subfield>
		<subfield code="l">_LILLSTKS</subfield>
		<subfield code="m">B-LILLY</subfield>
		<subfield code="r">Y</subfield>
		<subfield code="s">Y</subfield>
		<subfield code="t">NORMAL</subfield>
		<subfield code="u">11/5/2000</subfield>
	  </datafield>
	</record>