
	<record>
	  <leader>01136cam a2200337 a 45 0</leader>
	  <controlfield tag="001">a249586</controlfield>
	  <controlfield tag="003">InU</controlfield>
	  <controlfield tag="008">920310s1991    caua          00110 eng d</controlfield>
	  <datafield tag="020" ind1=" " ind2=" ">
		<subfield code="a">0937175900</subfield>
	  </datafield>
	  <datafield tag="035" ind1=" " ind2=" ">
		<subfield code="a">(InU)ACK3829SB</subfield>
	  </datafield>
	  <datafield tag="035" ind1=" " ind2=" ">
		<subfield code="a">(OCoLC)ocm25427823</subfield>
	  </datafield>
	  <datafield tag="040" ind1=" " ind2=" ">
		<subfield code="a">KSB</subfield>
		<subfield code="c">KSB</subfield>
		<subfield code="d">CUY</subfield>
		<subfield code="d">IUL</subfield>
	  </datafield>
	  <datafield tag="049" ind1=" " ind2=" ">
		<subfield code="a">IULA</subfield>
	  </datafield>
	  <datafield tag="090" ind1=" " ind2=" ">
		<subfield code="a">QA76.76.O63</subfield>
		<subfield code="b">T35 1991</subfield>
	  </datafield>
	  <datafield tag="092" ind1=" " ind2=" ">
		<subfield code="a">005.43</subfield>
		<subfield code="b">T142m, 1991</subfield>
	  </datafield>
	  <datafield tag="100" ind1="1" ind2="0">
		<subfield code="a">Oram, Andrew.</subfield>
	  </datafield>
	  <datafield tag="245" ind1="1" ind2="0">
		<subfield code="a">Managing projects with make /</subfield>
		<subfield code="c">Andrew Oram and Steve Talbott.</subfield>
	  </datafield>
	  <datafield tag="250" ind1=" " ind2=" ">
		<subfield code="a">2nd ed. /</subfield>
		<subfield code="b">rev. and expanded by Andrew Oram.</subfield>
	  </datafield>
	  <datafield tag="260" ind1="0" ind2=" ">
		<subfield code="a">Sebastopol, CA :</subfield>
		<subfield code="b">O'Reilly &amp; Associates,</subfield>
		<subfield code="c">c1991.</subfield>
	  </datafield>
	  <datafield tag="300" ind1=" " ind2=" ">
		<subfield code="a">xiv, 136 p. :</subfield>
		<subfield code="b">ill. ;</subfield>
		<subfield code="c">23 cm.</subfield>
	  </datafield>
	  <datafield tag="440" ind1=" " ind2="2">
		<subfield code="a">A Nutshell handbook</subfield>
	  </datafield>
	  <datafield tag="500" ind1=" " ind2=" ">
		<subfield code="a">"December 1991: Minor corrections"--verso t.p.</subfield>
	  </datafield>
	  <datafield tag="500" ind1=" " ind2=" ">
		<subfield code="a">On cover: C programming utility.</subfield>
	  </datafield>
	  <datafield tag="500" ind1=" " ind2=" ">
		<subfield code="a">Includes index.</subfield>
	  </datafield>
	  <datafield tag="630" ind1="0" ind2="0">
		<subfield code="a">UNIX C Shell.</subfield>
	  </datafield>
	  <datafield tag="650" ind1=" " ind2="0">
		<subfield code="a">C (Computer program language)</subfield>
	  </datafield>
	  <datafield tag="700" ind1="1" ind2="0">
		<subfield code="a">Talbott, Steve.</subfield>
	  </datafield>
	  <datafield tag="740" ind1="0" ind2="1">
		<subfield code="a">C programming utility</subfield>
	  </datafield>
	  <datafield tag="998" ind1=" " ind2=" ">
		<subfield code="a">3/25/1992</subfield>
		<subfield code="b">1/29/1996</subfield>
		<subfield code="c">3/25/1992</subfield>
	  </datafield>
	  <datafield tag="596" ind1=" " ind2=" ">
		<subfield code="a">46</subfield>
	  </datafield>
	  <datafield tag="999" ind1=" " ind2=" ">
		<subfield code="a">QA76.76.O63 O73 1991</subfield>
		<subfield code="w">LC</subfield>
		<subfield code="c">1</subfield>
		<subfield code="i">30000029426990</subfield>
		<subfield code="d">1/28/2009</subfield>
		<subfield code="e">1/5/2009</subfield>
		<subfield code="l">STACKS</subfield>
		<subfield code="m">SBEND</subfield>
		<subfield code="n">30</subfield>
		<subfield code="r">Y</subfield>
		<subfield code="s">Y</subfield>
		<subfield code="t">NORMAL</subfield>
		<subfield code="u">11/5/2000</subfield>
	  </datafield>
	</record>