
	<record>
	  <leader>00787cam a2200241 a 45 0</leader>
	  <controlfield tag="001">a250211</controlfield>
	  <controlfield tag="003">InU</controlfield>
	  <controlfield tag="008">901126s1978    ko            000 0 kor d</controlfield>
	  <datafield tag="035" ind1=" " ind2=" ">
		<subfield code="a">(InU)ACK4984BB</subfield>
	  </datafield>
	  <datafield tag="035" ind1=" " ind2=" ">
		<subfield code="a">(OCoLC)ocm23038013</subfield>
	  </datafield>
	  <datafield tag="035" ind1=" " ind2=" ">
		<subfield code="a">(CStRLIN)ONTG90-B06904</subfield>
	  </datafield>
	  <datafield tag="040" ind1=" " ind2=" ">
		<subfield code="a">BZV</subfield>
		<subfield code="c">BZV</subfield>
		<subfield code="d">IUL</subfield>
	  </datafield>
	  <datafield tag="049" ind1=" " ind2=" ">
		<subfield code="a">IULA</subfield>
	  </datafield>
	  <datafield tag="100" ind1="1" ind2="0">
		<subfield code="a">Chŏng, Hŭi-sŏng,</subfield>
		<subfield code="d">1945-</subfield>
	  </datafield>
	  <datafield tag="245" ind1="1" ind2="0">
		<subfield code="a">Chŏmun kang e sap ŭl ssikko :</subfield>
		<subfield code="b">Chŏng Hŭi-sŏng sijip.</subfield>
	  </datafield>
	  <datafield tag="250" ind1=" " ind2=" ">
		<subfield code="a">Chʻopʻan.</subfield>
	  </datafield>
	  <datafield tag="260" ind1="0" ind2=" ">
		<subfield code="a">Sŏul Tʻŭkpyŏlsi :</subfield>
		<subfield code="b">Chʻangjak kwa Pipʻyŏngsa,</subfield>
		<subfield code="c">1978</subfield>
		<subfield code="g">(1988 printing).</subfield>
	  </datafield>
	  <datafield tag="300" ind1=" " ind2=" ">
		<subfield code="a">104 p. ;</subfield>
		<subfield code="c">21 cm.</subfield>
	  </datafield>
	  <datafield tag="490" ind1="0" ind2=" ">
		<subfield code="a">Chʻangbi sisŏn ;</subfield>
		<subfield code="v">16</subfield>
	  </datafield>
	  <datafield tag="591" ind1=" " ind2=" ">
		<subfield code="a"></subfield>
	  </datafield>
	  <datafield tag="998" ind1=" " ind2=" ">
		<subfield code="a">3/27/1992</subfield>
		<subfield code="b">7/29/1994</subfield>
		<subfield code="c">7/29/1994</subfield>
	  </datafield>
	  <datafield tag="596" ind1=" " ind2=" ">
		<subfield code="a">5</subfield>
	  </datafield>
	  <datafield tag="999" ind1=" " ind2=" ">
		<subfield code="a">PL992.2.H65 C56 1978</subfield>
		<subfield code="w">LC</subfield>
		<subfield code="c">1</subfield>
		<subfield code="i">30000111604603</subfield>
		<subfield code="d">10/18/1995</subfield>
		<subfield code="l">_ALF</subfield>
		<subfield code="m">B-ALF</subfield>
		<subfield code="n">3</subfield>
		<subfield code="r">Y</subfield>
		<subfield code="s">Y</subfield>
		<subfield code="t">NORMAL</subfield>
		<subfield code="u">11/5/2000</subfield>
		<subfield code="x">EASTASIAN</subfield>
	  </datafield>
	</record>