
	<record>
	  <leader>01009cam a2200361 a 4500</leader>
	  <controlfield tag="001">a250219</controlfield>
	  <controlfield tag="003">InU</controlfield>
	  <controlfield tag="008">840912s1983    ko            000 0 kor  </controlfield>
	  <datafield tag="010" ind1=" " ind2=" ">
		<subfield code="a">   84213216</subfield>
	  </datafield>
	  <datafield tag="019" ind1=" " ind2=" ">
		<subfield code="a">39241199</subfield>
	  </datafield>
	  <datafield tag="020" ind1=" " ind2=" ">
		<subfield code="c">W1500</subfield>
	  </datafield>
	  <datafield tag="035" ind1=" " ind2=" ">
		<subfield code="a">(OCoLC)15112599</subfield>
		<subfield code="z">(OCoLC)39241199</subfield>
	  </datafield>
	  <datafield tag="035" ind1=" " ind2=" ">
		<subfield code="a">(OCoLC)ocm15112599</subfield>
	  </datafield>
	  <datafield tag="040" ind1=" " ind2=" ">
		<subfield code="a">DLC</subfield>
		<subfield code="c">DLC</subfield>
		<subfield code="d">OCL</subfield>
		<subfield code="d">OCLCG</subfield>
		<subfield code="d">CLU</subfield>
		<subfield code="d">OCLCA</subfield>
	  </datafield>
	  <datafield tag="043" ind1=" " ind2=" ">
		<subfield code="a">a-ko---</subfield>
	  </datafield>
	  <datafield tag="049" ind1=" " ind2=" ">
		<subfield code="a">IULA</subfield>
	  </datafield>
	  <datafield tag="050" ind1="0" ind2="4">
		<subfield code="a">PL992.17.T3</subfield>
		<subfield code="b">K35 1983</subfield>
	  </datafield>
	  <datafield tag="100" ind1="1" ind2=" ">
		<subfield code="6">880-03</subfield>
		<subfield code="a">Cho, T'ae-il,</subfield>
		<subfield code="d">1941-</subfield>
	  </datafield>
	  <datafield tag="245" ind1="1" ind2="0">
		<subfield code="6">880-01</subfield>
		<subfield code="a">Kagdo :</subfield>
		<subfield code="b">Cho Tae-il sijip.</subfield>
	  </datafield>
	  <datafield tag="260" ind1=" " ind2=" ">
		<subfield code="6">880-02</subfield>
		<subfield code="a">Sŏul Tlsi :</subfield>
		<subfield code="b">Changjak kwa Pipngsa,</subfield>
		<subfield code="c">1983.</subfield>
	  </datafield>
	  <datafield tag="300" ind1=" " ind2=" ">
		<subfield code="a">149 p. ;</subfield>
		<subfield code="c">21 cm.</subfield>
	  </datafield>
	  <datafield tag="440" ind1=" " ind2="0">
		<subfield code="6">880-04</subfield>
		<subfield code="a">Changbi sisŏn ;</subfield>
		<subfield code="v">37</subfield>
	  </datafield>
	  <datafield tag="500" ind1=" " ind2=" ">
		<subfield code="a">Poetry.</subfield>
	  </datafield>
	  <datafield tag="880" ind1="1" ind2=" ">
		<subfield code="a"></subfield>
	  </datafield>
	  <datafield tag="880" ind1="1" ind2="0">
		<subfield code="a"></subfield>
	  </datafield>
	  <datafield tag="880" ind1=" " ind2=" ">
		<subfield code="a"></subfield>
	  </datafield>
	  <datafield tag="880" ind1=" " ind2="0">
		<subfield code="a"></subfield>
	  </datafield>
	  <datafield tag="994" ind1=" " ind2=" ">
		<subfield code="a">C0</subfield>
		<subfield code="b">IUL</subfield>
	  </datafield>
	  <datafield tag="035" ind1=" " ind2=" ">
		<subfield code="a">(InU)ACK5000BB</subfield>
	  </datafield>
	  <datafield tag="035" ind1=" " ind2=" ">
		<subfield code="a">(OCoLC)ocm15112599</subfield>
	  </datafield>
	  <datafield tag="591" ind1=" " ind2=" ">
		<subfield code="a"></subfield>
	  </datafield>
	  <datafield tag="596" ind1=" " ind2=" ">
		<subfield code="a">5</subfield>
	  </datafield>
	  <datafield tag="999" ind1=" " ind2=" ">
		<subfield code="a">PL992.17.T3 K35 1983</subfield>
		<subfield code="w">LC</subfield>
		<subfield code="c">1</subfield>
		<subfield code="i">30000111618421</subfield>
		<subfield code="d">7/31/1992</subfield>
		<subfield code="l">_ALF</subfield>
		<subfield code="m">B-ALF</subfield>
		<subfield code="n">1</subfield>
		<subfield code="r">Y</subfield>
		<subfield code="s">Y</subfield>
		<subfield code="t">NORMAL</subfield>
		<subfield code="u">11/5/2000</subfield>
		<subfield code="x">EASTASIAN</subfield>
	  </datafield>
	</record>