
	<record>
	  <leader>01385cjm a2200349   45 0</leader>
	  <controlfield tag="001">a250434</controlfield>
	  <controlfield tag="003">InU</controlfield>
	  <controlfield tag="007">sd-bsmenn----?</controlfield>
	  <controlfield tag="008">800221q19701973nyujzn   i          N/A d</controlfield>
	  <datafield tag="028" ind1="0" ind2="0">
		<subfield code="a">RS-3012</subfield>
		<subfield code="b">Riverside</subfield>
	  </datafield>
	  <datafield tag="035" ind1=" " ind2=" ">
		<subfield code="a">(InU)ACK5482BM</subfield>
	  </datafield>
	  <datafield tag="035" ind1=" " ind2=" ">
		<subfield code="a">(OCoLC)ocm06006485</subfield>
	  </datafield>
	  <datafield tag="040" ind1=" " ind2=" ">
		<subfield code="a">GZV</subfield>
		<subfield code="c">GZV</subfield>
		<subfield code="d">IUG</subfield>
	  </datafield>
	  <datafield tag="041" ind1="0" ind2=" ">
		<subfield code="g">eng</subfield>
	  </datafield>
	  <datafield tag="048" ind1=" " ind2=" ">
		<subfield code="a">kb01</subfield>
		<subfield code="a">pd01</subfield>
		<subfield code="a">tb01</subfield>
	  </datafield>
	  <datafield tag="049" ind1=" " ind2=" ">
		<subfield code="a">IUGA</subfield>
	  </datafield>
	  <datafield tag="245" ind1="0" ind2="0">
		<subfield code="a">This is Wes Montgomery.</subfield>
		<subfield code="h">[Sound recording]</subfield>
	  </datafield>
	  <datafield tag="262" ind1=" " ind2=" ">
		<subfield code="b">Riverside</subfield>
		<subfield code="c">RS-3012.</subfield>
		<subfield code="d">[197-?]</subfield>
	  </datafield>
	  <datafield tag="305" ind1=" " ind2=" ">
		<subfield code="a">1 disc.</subfield>
		<subfield code="b">33 1/3 rpm. stereo.</subfield>
		<subfield code="c">12 in.</subfield>
	  </datafield>
	  <datafield tag="500" ind1=" " ind2=" ">
		<subfield code="a">"Reissue of an earlier Wes Montgomery album on Riverside titled Boss guitar."</subfield>
	  </datafield>
	  <datafield tag="511" ind1="0" ind2=" ">
		<subfield code="a">Jazz trio; Wes Montgomery, guitar; Mel Rhyne, drums; Jimmy Cobb, drums.</subfield>
	  </datafield>
	  <datafield tag="500" ind1=" " ind2=" ">
		<subfield code="a">Program notes by F. Kofsky on container.</subfield>
	  </datafield>
	  <datafield tag="505" ind1="0" ind2=" ">
		<subfield code="a">Besame mucho.--Dearly beloved.--Days of wine and roses.--The trick bag.--Canadian sunset.--Fried pies.--The breeze and I.--For heaven's sake.</subfield>
	  </datafield>
	  <datafield tag="650" ind1=" " ind2="0">
		<subfield code="a">Jazz</subfield>
		<subfield code="y">1961-1970.</subfield>
	  </datafield>
	  <datafield tag="650" ind1=" " ind2="4">
		<subfield code="a">Black Music Collection</subfield>
		<subfield code="x">Phonodisc.</subfield>
	  </datafield>
	  <datafield tag="700" ind1="1" ind2="0">
		<subfield code="a">Montgomery, Wes,</subfield>
		<subfield code="d">1925-1968.</subfield>
		<subfield code="4">prf</subfield>
	  </datafield>
	  <datafield tag="700" ind1="1" ind2="0">
		<subfield code="a">Rhyne, Melvin.</subfield>
		<subfield code="4">prf</subfield>
	  </datafield>
	  <datafield tag="700" ind1="1" ind2="0">
		<subfield code="a">Cobb, Jimmy.</subfield>
		<subfield code="4">prf</subfield>
	  </datafield>
	  <datafield tag="856" ind1="4" ind2="1">
		<subfield code="u">http://purl.dlib.indiana.edu/iudl/variations/sound/ACK5482</subfield>
	  </datafield>
	  <datafield tag="998" ind1=" " ind2=" ">
		<subfield code="a">3/27/1992</subfield>
		<subfield code="b">6/3/1992</subfield>
		<subfield code="c">3/27/1992</subfield>
	  </datafield>
	  <datafield tag="596" ind1=" " ind2=" ">
		<subfield code="a">20</subfield>
	  </datafield>
	  <datafield tag="999" ind1=" " ind2=" ">
		<subfield code="a">LP-S .M7885 J3.2</subfield>
		<subfield code="w">ASIS</subfield>
		<subfield code="c">1</subfield>
		<subfield code="i">32000002933192</subfield>
		<subfield code="d">5/6/1997</subfield>
		<subfield code="l">PHONORECS</subfield>
		<subfield code="m">B-MUSIC</subfield>
		<subfield code="n">7</subfield>
		<subfield code="q">1</subfield>
		<subfield code="r">Y</subfield>
		<subfield code="s">Y</subfield>
		<subfield code="t">AV</subfield>
		<subfield code="u">11/5/2000</subfield>
		<subfield code="z">LP</subfield>
		<subfield code="o">.STAFF. Variations</subfield>
	  </datafield>
	</record>