
	<record>
	  <leader>01549cjm a2200373   45 0</leader>
	  <controlfield tag="001">a251304</controlfield>
	  <controlfield tag="003">InU</controlfield>
	  <controlfield tag="007">sd-bsmenn----?</controlfield>
	  <controlfield tag="008">781212q19701978nyumun   efhi       N/A  </controlfield>
	  <datafield tag="010" ind1=" " ind2=" ">
		<subfield code="a">   76760685 /R</subfield>
	  </datafield>
	  <datafield tag="028" ind1="0" ind2="0">
		<subfield code="a">CUWE 3</subfield>
		<subfield code="b">Mark Custom Recording Division</subfield>
	  </datafield>
	  <datafield tag="035" ind1=" " ind2=" ">
		<subfield code="a">(InU)ACK7228BM</subfield>
	  </datafield>
	  <datafield tag="035" ind1=" " ind2=" ">
		<subfield code="a">(OCoLC)ocm04445926</subfield>
	  </datafield>
	  <datafield tag="040" ind1=" " ind2=" ">
		<subfield code="a">DLC</subfield>
		<subfield code="c">LDL</subfield>
		<subfield code="d">m.c.</subfield>
		<subfield code="d">OCL</subfield>
		<subfield code="d">m/c</subfield>
		<subfield code="d">IXA</subfield>
		<subfield code="d">IUG</subfield>
	  </datafield>
	  <datafield tag="041" ind1="0" ind2=" ">
		<subfield code="g">eng</subfield>
	  </datafield>
	  <datafield tag="045" ind1=" " ind2=" ">
		<subfield code="a">w6x7</subfield>
	  </datafield>
	  <datafield tag="047" ind1=" " ind2=" ">
		<subfield code="a">mr</subfield>
		<subfield code="a">su</subfield>
		<subfield code="a">pr</subfield>
		<subfield code="a">rg</subfield>
		<subfield code="a">zz</subfield>
	  </datafield>
	  <datafield tag="048" ind1=" " ind2=" ">
		<subfield code="a">od</subfield>
	  </datafield>
	  <datafield tag="049" ind1=" " ind2=" ">
		<subfield code="a">IUGA</subfield>
	  </datafield>
	  <datafield tag="050" ind1="1" ind2="0">
		<subfield code="a">M1200</subfield>
	  </datafield>
	  <datafield tag="110" ind1="2" ind2="0">
		<subfield code="a">Cornell University.</subfield>
		<subfield code="b">Symphonic Band.</subfield>
		<subfield code="4">prf</subfield>
	  </datafield>
	  <datafield tag="245" ind1="0" ind2="0">
		<subfield code="a">Cornell Symphonic Band.</subfield>
		<subfield code="h">[Sound recording]</subfield>
	  </datafield>
	  <datafield tag="262" ind1=" " ind2=" ">
		<subfield code="a">[Ithaca, N.Y.]</subfield>
		<subfield code="b">Mark Custom Recording Division</subfield>
		<subfield code="d">[197-]</subfield>
		<subfield code="c"> CUWE 3.</subfield>
	  </datafield>
	  <datafield tag="305" ind1=" " ind2=" ">
		<subfield code="a">1 disc.</subfield>
		<subfield code="b">33 1/3 rpm. stereo.</subfield>
		<subfield code="c">12 in.</subfield>
	  </datafield>
	  <datafield tag="511" ind1="0" ind2=" ">
		<subfield code="a">Marice Stith, conductor.</subfield>
	  </datafield>
	  <datafield tag="500" ind1=" " ind2=" ">
		<subfield code="a">The 1st and 5th works originally for orchestra; the 3d originally for piano.</subfield>
	  </datafield>
	  <datafield tag="500" ind1=" " ind2=" ">
		<subfield code="a">Program notes by B. Israel ([2] p.) inserted in container.</subfield>
	  </datafield>
	  <datafield tag="505" ind1="0" ind2=" ">
		<subfield code="a">Shostakovich, D.  Fortinbras march (arr. B. Suchoff)--Lindenfeld, H.  Symphonia for concert band.--Joplin, S.  The Entertainer (arr. A. Reed)--Erb, D.  Stargazing.--Reinecke, C.  Manfred prelude (arr. E. Osterling)--Lijnschooten, H. van.  Netherlands suite.</subfield>
	  </datafield>
	  <datafield tag="650" ind1=" " ind2="0">
		<subfield code="a">Band music.</subfield>
	  </datafield>
	  <datafield tag="650" ind1=" " ind2="0">
		<subfield code="a">Band music, Arranged.</subfield>
	  </datafield>
	  <datafield tag="700" ind1="1" ind2="0">
		<subfield code="a">Stith, Marice.</subfield>
		<subfield code="4">prf</subfield>
	  </datafield>
	  <datafield tag="998" ind1=" " ind2=" ">
		<subfield code="a">3/31/1992</subfield>
		<subfield code="b">10/28/1992</subfield>
		<subfield code="c">3/31/1992</subfield>
	  </datafield>
	  <datafield tag="596" ind1=" " ind2=" ">
		<subfield code="a">20</subfield>
	  </datafield>
	  <datafield tag="999" ind1=" " ind2=" ">
		<subfield code="a">LP-S .C8144 B.1 v.3</subfield>
		<subfield code="w">ASIS</subfield>
		<subfield code="c">1</subfield>
		<subfield code="i">30000042902324</subfield>
		<subfield code="l">PHONORECS</subfield>
		<subfield code="m">B-MUSIC</subfield>
		<subfield code="r">Y</subfield>
		<subfield code="s">Y</subfield>
		<subfield code="t">AV</subfield>
		<subfield code="u">11/5/2000</subfield>
		<subfield code="z">LP</subfield>
		<subfield code="o">.STAFF.  Includes 1 insert</subfield>
		<subfield code="o">.STAFF.  Includes 1 insert</subfield>
	  </datafield>
	</record>