
	<record>
	  <leader>01096cam a22002775a 45 0</leader>
	  <controlfield tag="001">a250899</controlfield>
	  <controlfield tag="003">InU</controlfield>
	  <controlfield tag="008">920123s1991    nyua     b    100 0 eng d</controlfield>
	  <datafield tag="035" ind1=" " ind2=" ">
		<subfield code="a">(InU)ACK6451BB</subfield>
	  </datafield>
	  <datafield tag="035" ind1=" " ind2=" ">
		<subfield code="a">(OCoLC)ocm25150337</subfield>
	  </datafield>
	  <datafield tag="040" ind1=" " ind2=" ">
		<subfield code="a">FSE</subfield>
		<subfield code="c">FSE</subfield>
		<subfield code="d">IUL</subfield>
	  </datafield>
	  <datafield tag="049" ind1=" " ind2=" ">
		<subfield code="a">IULA</subfield>
	  </datafield>
	  <datafield tag="090" ind1=" " ind2=" ">
		<subfield code="a">TK4161</subfield>
		<subfield code="b">.F5 1991</subfield>
	  </datafield>
	  <datafield tag="111" ind1="2" ind2="0">
		<subfield code="a">International Symposium on Glare</subfield>
		<subfield code="n">(1st :</subfield>
		<subfield code="d">1991 :</subfield>
		<subfield code="c">Orlando, Florida).</subfield>
	  </datafield>
	  <datafield tag="245" ind1="1" ind2="0">
		<subfield code="a">1st International Symposium on Glare :</subfield>
		<subfield code="b">symposium proceedings, October 24 &amp; 25, 1991, Orlando, Florida /</subfield>
		<subfield code="c">sponsored by the Lighting Research Institute.</subfield>
	  </datafield>
	  <datafield tag="260" ind1="0" ind2=" ">
		<subfield code="a">New York, NY :</subfield>
		<subfield code="b">Lighting Research Institute,</subfield>
		<subfield code="c">c1991.</subfield>
	  </datafield>
	  <datafield tag="300" ind1=" " ind2=" ">
		<subfield code="a">218 p. :</subfield>
		<subfield code="b">ill. ;</subfield>
		<subfield code="c">28 cm.</subfield>
	  </datafield>
	  <datafield tag="504" ind1=" " ind2=" ">
		<subfield code="a">Includes bibliographical references.</subfield>
	  </datafield>
	  <datafield tag="650" ind1=" " ind2="0">
		<subfield code="a">Glare</subfield>
		<subfield code="x">Congresses.</subfield>
	  </datafield>
	  <datafield tag="650" ind1=" " ind2="0">
		<subfield code="a">Reflection (Optics)</subfield>
		<subfield code="x">Congresses.</subfield>
	  </datafield>
	  <datafield tag="650" ind1=" " ind2="0">
		<subfield code="a">Lighting</subfield>
		<subfield code="x">Congresses.</subfield>
	  </datafield>
	  <datafield tag="710" ind1="2" ind2="0">
		<subfield code="a">Lighting Research Institute.</subfield>
	  </datafield>
	  <datafield tag="740" ind1="0" ind2="1">
		<subfield code="a">First International Symposium on glare.</subfield>
	  </datafield>
	  <datafield tag="998" ind1=" " ind2=" ">
		<subfield code="a">3/30/1992</subfield>
		<subfield code="b">4/27/1992</subfield>
		<subfield code="c">3/30/1992</subfield>
	  </datafield>
	  <datafield tag="596" ind1=" " ind2=" ">
		<subfield code="a">21</subfield>
	  </datafield>
	  <datafield tag="999" ind1=" " ind2=" ">
		<subfield code="a">TK4161 .F5 1991</subfield>
		<subfield code="w">LC</subfield>
		<subfield code="c">1</subfield>
		<subfield code="i">30000027269418</subfield>
		<subfield code="d">6/26/2006</subfield>
		<subfield code="e">6/22/2006</subfield>
		<subfield code="l">STACKS</subfield>
		<subfield code="m">B-OPTOMTRY</subfield>
		<subfield code="n">3</subfield>
		<subfield code="r">Y</subfield>
		<subfield code="s">Y</subfield>
		<subfield code="t">NORMAL</subfield>
		<subfield code="u">11/5/2000</subfield>
	  </datafield>
	</record>