
	<record>
	  <leader>01309cam a2200325   45 0</leader>
	  <controlfield tag="001">a248607</controlfield>
	  <controlfield tag="003">InU</controlfield>
	  <controlfield tag="008">731003s1966    nyu           100 0 eng  </controlfield>
	  <datafield tag="010" ind1=" " ind2=" ">
		<subfield code="a">   66014575 //r903</subfield>
	  </datafield>
	  <datafield tag="035" ind1=" " ind2=" ">
		<subfield code="a">(InU)ACK1999BB</subfield>
	  </datafield>
	  <datafield tag="035" ind1=" " ind2=" ">
		<subfield code="a">66967IP</subfield>
	  </datafield>
	  <datafield tag="035" ind1=" " ind2=" ">
		<subfield code="a">(OCoLC)ocm00526366</subfield>
	  </datafield>
	  <datafield tag="040" ind1=" " ind2=" ">
		<subfield code="a">DLC</subfield>
		<subfield code="c">DLC</subfield>
		<subfield code="d">m.c.</subfield>
	  </datafield>
	  <datafield tag="049" ind1=" " ind2=" ">
		<subfield code="a">IULA</subfield>
	  </datafield>
	  <datafield tag="050" ind1="0" ind2="0">
		<subfield code="a">QA169</subfield>
		<subfield code="b">.C6 1965</subfield>
	  </datafield>
	  <datafield tag="082" ind1="0" ind2="0">
		<subfield code="a">512.8</subfield>
	  </datafield>
	  <datafield tag="111" ind1="2" ind2="0">
		<subfield code="a">Conference on Categorical Algebra</subfield>
		<subfield code="d">(1965 :</subfield>
		<subfield code="c">University of California, San Diego)</subfield>
		<subfield code="w">cn</subfield>
	  </datafield>
	  <datafield tag="245" ind1="0" ind2="0">
		<subfield code="a">Proceedings.</subfield>
		<subfield code="c">Edited by S. Eilenberg [and others]</subfield>
	  </datafield>
	  <datafield tag="260" ind1="0" ind2=" ">
		<subfield code="a">New York,</subfield>
		<subfield code="b">Springer-Verlag,</subfield>
		<subfield code="c">1966.</subfield>
	  </datafield>
	  <datafield tag="300" ind1=" " ind2=" ">
		<subfield code="a">562 p.</subfield>
		<subfield code="c">24 cm.</subfield>
	  </datafield>
	  <datafield tag="500" ind1=" " ind2=" ">
		<subfield code="a">"Held ... at the San Diego campus of the University of California under the sponsorship of the United States Air Force Office of Scientific Research."</subfield>
	  </datafield>
	  <datafield tag="591" ind1=" " ind2=" ">
		<subfield code="a"></subfield>
	  </datafield>
	  <datafield tag="650" ind1=" " ind2="0">
		<subfield code="a">Categories (Mathematics)</subfield>
		<subfield code="x">Congresses.</subfield>
	  </datafield>
	  <datafield tag="700" ind1="1" ind2="0">
		<subfield code="a">Eilenberg, Samuel.</subfield>
		<subfield code="e">ed.</subfield>
	  </datafield>
	  <datafield tag="710" ind1="1" ind2="0">
		<subfield code="a">United States.</subfield>
		<subfield code="b">Air Force.</subfield>
		<subfield code="b">Office of Scientific Research.</subfield>
	  </datafield>
	  <datafield tag="710" ind1="2" ind2="0">
		<subfield code="a">University of California, San Diego.</subfield>
	  </datafield>
	  <datafield tag="998" ind1=" " ind2=" ">
		<subfield code="a">3/23/1992</subfield>
		<subfield code="b">3/24/1992</subfield>
		<subfield code="c">3/23/1992</subfield>
	  </datafield>
	  <datafield tag="596" ind1=" " ind2=" ">
		<subfield code="a">23 42</subfield>
	  </datafield>
	  <datafield tag="999" ind1=" " ind2=" ">
		<subfield code="a">QA169 .C748 1965</subfield>
		<subfield code="w">LC</subfield>
		<subfield code="c">1</subfield>
		<subfield code="i">30000007281565</subfield>
		<subfield code="d">10/9/2010</subfield>
		<subfield code="e">10/9/2010</subfield>
		<subfield code="k">CHECKEDOUT</subfield>
		<subfield code="l">STACKS</subfield>
		<subfield code="m">B-SWAIN</subfield>
		<subfield code="n">14</subfield>
		<subfield code="q">1</subfield>
		<subfield code="r">M</subfield>
		<subfield code="s">Y</subfield>
		<subfield code="t">NORMAL</subfield>
		<subfield code="u">11/5/2000</subfield>
	  </datafield>
	  <datafield tag="999" ind1=" " ind2=" ">
		<subfield code="a">QA169 .C6 1965</subfield>
		<subfield code="w">LC</subfield>
		<subfield code="c">1</subfield>
		<subfield code="i">30000021954569</subfield>
		<subfield code="l">STACKS</subfield>
		<subfield code="m">I-UNIVLIB</subfield>
		<subfield code="r">Y</subfield>
		<subfield code="s">Y</subfield>
		<subfield code="t">NORMAL</subfield>
		<subfield code="u">11/15/2000</subfield>
	  </datafield>
	</record>