
	<record>
	  <leader>01977cam a2200457 a 45 0</leader>
	  <controlfield tag="001">a247207</controlfield>
	  <controlfield tag="003">InU</controlfield>
	  <controlfield tag="008">910308s1990    ne       b    100 0 eng  </controlfield>
	  <datafield tag="010" ind1=" " ind2=" ">
		<subfield code="a">   91127085</subfield>
	  </datafield>
	  <datafield tag="015" ind1=" " ind2=" ">
		<subfield code="a">C90-11179-8</subfield>
	  </datafield>
	  <datafield tag="019" ind1=" " ind2=" ">
		<subfield code="a">22335287</subfield>
		<subfield code="a">22510927</subfield>
	  </datafield>
	  <datafield tag="020" ind1=" " ind2=" ">
		<subfield code="a">9051831366</subfield>
	  </datafield>
	  <datafield tag="035" ind1=" " ind2=" ">
		<subfield code="a">(InU)ACJ9479BB</subfield>
	  </datafield>
	  <datafield tag="035" ind1=" " ind2=" ">
		<subfield code="a">(OCoLC)ocm23869343</subfield>
	  </datafield>
	  <datafield tag="040" ind1=" " ind2=" ">
		<subfield code="a">DLC</subfield>
		<subfield code="c">DLC</subfield>
		<subfield code="d">NLC</subfield>
		<subfield code="d">IUL</subfield>
	  </datafield>
	  <datafield tag="041" ind1="0" ind2=" ">
		<subfield code="a">engfre</subfield>
	  </datafield>
	  <datafield tag="043" ind1=" " ind2=" ">
		<subfield code="a">n-cn---</subfield>
	  </datafield>
	  <datafield tag="049" ind1=" " ind2=" ">
		<subfield code="a">IULA</subfield>
	  </datafield>
	  <datafield tag="050" ind1="0" ind2="0">
		<subfield code="a">PR9180</subfield>
		<subfield code="b">.C75 1990</subfield>
	  </datafield>
	  <datafield tag="055" ind1="0" ind2="0">
		<subfield code="a">PS8007</subfield>
		<subfield code="b">C75 1988</subfield>
	  </datafield>
	  <datafield tag="082" ind1="0" ind2="0">
		<subfield code="a">810.9/971</subfield>
		<subfield code="2">20</subfield>
	  </datafield>
	  <datafield tag="245" ind1="0" ind2="0">
		<subfield code="a">Crisis and creativity in the new literatures in English.</subfield>
		<subfield code="p"> Canada /</subfield>
		<subfield code="c">edited by Geoffrey Davis.</subfield>
	  </datafield>
	  <datafield tag="260" ind1="0" ind2=" ">
		<subfield code="a">Amsterdam ;</subfield>
		<subfield code="a">Atlanta, GA :</subfield>
		<subfield code="b">Rodopi,</subfield>
		<subfield code="c">1990.</subfield>
	  </datafield>
	  <datafield tag="300" ind1=" " ind2=" ">
		<subfield code="a">xii, 253 p. ;</subfield>
		<subfield code="c">22 cm.</subfield>
	  </datafield>
	  <datafield tag="440" ind1=" " ind2="0">
		<subfield code="a">Cross/cultures ;</subfield>
		<subfield code="v">2</subfield>
	  </datafield>
	  <datafield tag="500" ind1=" " ind2=" ">
		<subfield code="a">English and French.</subfield>
	  </datafield>
	  <datafield tag="500" ind1=" " ind2=" ">
		<subfield code="a">Spine title: Crisis and creativity Canada.</subfield>
	  </datafield>
	  <datafield tag="500" ind1=" " ind2=" ">
		<subfield code="a">Various poems, prose, and academic papers read at the XIth Annual Conference on Commonwealth Literature and Language Studies in German-Speaking Countries, held June 16-19, 1988 at the Château de Colonster and University of Aachen.</subfield>
	  </datafield>
	  <datafield tag="500" ind1=" " ind2=" ">
		<subfield code="a">Includes bibliographical references.</subfield>
	  </datafield>
	  <datafield tag="650" ind1=" " ind2="0">
		<subfield code="a">Canadian literature</subfield>
		<subfield code="x">History and criticism</subfield>
		<subfield code="x">Congresses.</subfield>
	  </datafield>
	  <datafield tag="650" ind1=" " ind2="0">
		<subfield code="a">French-Canadian literature</subfield>
		<subfield code="x">History and criticism</subfield>
		<subfield code="x">Congresses.</subfield>
	  </datafield>
	  <datafield tag="650" ind1=" " ind2="0">
		<subfield code="a">French-Canadian literature</subfield>
		<subfield code="y">20th century</subfield>
		<subfield code="x">Translations into English.</subfield>
	  </datafield>
	  <datafield tag="650" ind1=" " ind2="0">
		<subfield code="a">Canadian literature</subfield>
		<subfield code="y">20th century.</subfield>
	  </datafield>
	  <datafield tag="650" ind1=" " ind2="6">
		<subfield code="a">Littérature canadienne</subfield>
		<subfield code="y">20e siècle</subfield>
		<subfield code="x">Histoire et critique.</subfield>
	  </datafield>
	  <datafield tag="700" ind1="1" ind2="0">
		<subfield code="a">Davis, Geoffrey V.,</subfield>
		<subfield code="d">1943-</subfield>
	  </datafield>
	  <datafield tag="711" ind1="2" ind2="0">
		<subfield code="a">Conference on Commonwealth Literature and Language Studies in German-Speaking Countries</subfield>
		<subfield code="n">(11th :</subfield>
		<subfield code="d">1988 :</subfield>
		<subfield code="c">Château de Colonster and Aachen University)</subfield>
	  </datafield>
	  <datafield tag="740" ind1="0" ind2="1">
		<subfield code="a">Crisis and creativity.</subfield>
	  </datafield>
	  <datafield tag="740" ind1="0" ind2="1">
		<subfield code="a">Crisis and creativity Canada.</subfield>
	  </datafield>
	  <datafield tag="998" ind1=" " ind2=" ">
		<subfield code="a">3/19/1992</subfield>
		<subfield code="b">3/19/1992</subfield>
		<subfield code="c">3/19/1992</subfield>
	  </datafield>
	  <datafield tag="596" ind1=" " ind2=" ">
		<subfield code="a">1</subfield>
	  </datafield>
	  <datafield tag="999" ind1=" " ind2=" ">
		<subfield code="a">PR9180 .C75 1990</subfield>
		<subfield code="w">LC</subfield>
		<subfield code="c">1</subfield>
		<subfield code="i">30000027087984</subfield>
		<subfield code="d">8/3/1998</subfield>
		<subfield code="l">_RCSTACKS</subfield>
		<subfield code="m">B-WELLS</subfield>
		<subfield code="n">3</subfield>
		<subfield code="r">Y</subfield>
		<subfield code="s">Y</subfield>
		<subfield code="t">NORMAL</subfield>
		<subfield code="u">11/5/2000</subfield>
	  </datafield>
	</record>