
	<record>
	  <leader>02026cam a2200445 a 45 0</leader>
	  <controlfield tag="001">a247460</controlfield>
	  <controlfield tag="003">InU</controlfield>
	  <controlfield tag="008">910726s1989    ck ab    b    100 0 spa d</controlfield>
	  <datafield tag="020" ind1=" " ind2=" ">
		<subfield code="a">9581103619 (set)</subfield>
	  </datafield>
	  <datafield tag="020" ind1=" " ind2=" ">
		<subfield code="a">958110366X</subfield>
	  </datafield>
	  <datafield tag="035" ind1=" " ind2=" ">
		<subfield code="a">(InU)ACJ9959BB</subfield>
	  </datafield>
	  <datafield tag="035" ind1=" " ind2=" ">
		<subfield code="a">(OCoLC)ocm24135422</subfield>
	  </datafield>
	  <datafield tag="035" ind1=" " ind2=" ">
		<subfield code="a">837715k14</subfield>
		<subfield code="b">AUM</subfield>
	  </datafield>
	  <datafield tag="040" ind1=" " ind2=" ">
		<subfield code="a">AUM</subfield>
		<subfield code="c">AUM</subfield>
		<subfield code="d">IUL</subfield>
	  </datafield>
	  <datafield tag="043" ind1=" " ind2=" ">
		<subfield code="a">s-ck---</subfield>
	  </datafield>
	  <datafield tag="049" ind1=" " ind2=" ">
		<subfield code="a">IULA</subfield>
	  </datafield>
	  <datafield tag="090" ind1=" " ind2=" ">
		<subfield code="a">F2269</subfield>
		<subfield code="b">.S53 1989</subfield>
	  </datafield>
	  <datafield tag="111" ind1="2" ind2="0">
		<subfield code="a">Simposio de Arqueología y Antropología Física</subfield>
		<subfield code="d">(1989 :</subfield>
		<subfield code="c">Instituto Colombiano de Antropología)</subfield>
	  </datafield>
	  <datafield tag="245" ind1="1" ind2="0">
		<subfield code="a">Memorias del Simposio de Arqueología y Antropología Física /</subfield>
		<subfield code="c">editores Santiago Mora Camargo, Felipe Cárdenas Arroyo, Miguel Angel Roldán.</subfield>
	  </datafield>
	  <datafield tag="260" ind1="0" ind2=" ">
		<subfield code="a">[Bogotá] :</subfield>
		<subfield code="b">Departamento de Antropología, Universidad de los Andes :</subfield>
		<subfield code="b">Instituto Colombiano de Antropología-Colcultura,</subfield>
		<subfield code="c">[1989 or 1990]</subfield>
	  </datafield>
	  <datafield tag="300" ind1=" " ind2=" ">
		<subfield code="a">266 p. :</subfield>
		<subfield code="b">ill., maps ;</subfield>
		<subfield code="c">23 cm.</subfield>
	  </datafield>
	  <datafield tag="440" ind1=" " ind2="0">
		<subfield code="a">Serie Memoria de eventos científicos-ICFES</subfield>
	  </datafield>
	  <datafield tag="500" ind1=" " ind2=" ">
		<subfield code="a">At head of title: V Congreso Nacional de Antropología, Instituto Colombiano de Antropología, Villa de Leyva, 1989.</subfield>
	  </datafield>
	  <datafield tag="500" ind1=" " ind2=" ">
		<subfield code="a">Cover title: Arqueología.</subfield>
	  </datafield>
	  <datafield tag="500" ind1=" " ind2=" ">
		<subfield code="a">Running title: Memorias del V Congreso Nacional de Antropología.</subfield>
	  </datafield>
	  <datafield tag="504" ind1=" " ind2=" ">
		<subfield code="a">Includes bibliographies.</subfield>
	  </datafield>
	  <datafield tag="651" ind1=" " ind2="0">
		<subfield code="a">Colombia</subfield>
		<subfield code="x">Antiquities</subfield>
		<subfield code="x">Congresses.</subfield>
	  </datafield>
	  <datafield tag="650" ind1=" " ind2="0">
		<subfield code="a">Indians of South America</subfield>
		<subfield code="z">Colombia</subfield>
		<subfield code="x">Antiquities</subfield>
		<subfield code="x">Congresses.</subfield>
	  </datafield>
	  <datafield tag="650" ind1=" " ind2="0">
		<subfield code="a">Paleo-Indians</subfield>
		<subfield code="z">Colombia</subfield>
		<subfield code="x">Congresses.</subfield>
	  </datafield>
	  <datafield tag="650" ind1=" " ind2="0">
		<subfield code="a">Archaeological surveying</subfield>
		<subfield code="z">Colombia</subfield>
		<subfield code="x">Congresses.</subfield>
	  </datafield>
	  <datafield tag="700" ind1="2" ind2="0">
		<subfield code="a">Mora Camargo, Santiago.</subfield>
	  </datafield>
	  <datafield tag="700" ind1="2" ind2="0">
		<subfield code="a">Cárdenas Arroyo, Felipe.</subfield>
	  </datafield>
	  <datafield tag="700" ind1="1" ind2="0">
		<subfield code="a">Roldán, Miguelángel.</subfield>
	  </datafield>
	  <datafield tag="710" ind1="2" ind2="0">
		<subfield code="a">Instituto Colombiano de Antropología.</subfield>
	  </datafield>
	  <datafield tag="710" ind1="2" ind2="0">
		<subfield code="a">Instituto Colombiano de Cultura.</subfield>
	  </datafield>
	  <datafield tag="711" ind1="2" ind2="2">
		<subfield code="a">Congreso Nacional de Antropología (Colombia)</subfield>
		<subfield code="n">(5th :</subfield>
		<subfield code="d">1989 :</subfield>
		<subfield code="c">Instituto Colombiano de Arqueología).</subfield>
		<subfield code="t">Memorias.</subfield>
	  </datafield>
	  <datafield tag="740" ind1="0" ind2="1">
		<subfield code="a">Arqueología.</subfield>
	  </datafield>
	  <datafield tag="998" ind1=" " ind2=" ">
		<subfield code="a">3/20/1992</subfield>
		<subfield code="b">3/26/1992</subfield>
		<subfield code="c">3/20/1992</subfield>
	  </datafield>
	  <datafield tag="596" ind1=" " ind2=" ">
		<subfield code="a">1</subfield>
	  </datafield>
	  <datafield tag="999" ind1=" " ind2=" ">
		<subfield code="a">F2269 .S53 1989</subfield>
		<subfield code="w">LC</subfield>
		<subfield code="c">1</subfield>
		<subfield code="i">30000027076623</subfield>
		<subfield code="d">4/22/1997</subfield>
		<subfield code="l">_RCSTACKS</subfield>
		<subfield code="m">B-WELLS</subfield>
		<subfield code="n">2</subfield>
		<subfield code="q">2</subfield>
		<subfield code="r">Y</subfield>
		<subfield code="s">Y</subfield>
		<subfield code="t">NORMAL</subfield>
		<subfield code="u">11/5/2000</subfield>
	  </datafield>
	</record>