
	<record>
	  <leader>01180cjm a22003375  45 0</leader>
	  <controlfield tag="001">a248843</controlfield>
	  <controlfield tag="003">InU</controlfield>
	  <controlfield tag="008">920324q19661969xx jzn   i          N/A d</controlfield>
	  <datafield tag="028" ind1="0" ind2="0">
		<subfield code="a">ST-93</subfield>
		<subfield code="b">Pacific Jazz</subfield>
	  </datafield>
	  <datafield tag="035" ind1=" " ind2=" ">
		<subfield code="a">(InU)ACK2369BM</subfield>
	  </datafield>
	  <datafield tag="035" ind1=" " ind2=" ">
		<subfield code="a">(OCoLC)ocm25518509</subfield>
	  </datafield>
	  <controlfield tag="007">sd-bsmenn-----</controlfield>
	  <datafield tag="040" ind1=" " ind2=" ">
		<subfield code="a">IUG</subfield>
		<subfield code="c">IUG</subfield>
	  </datafield>
	  <datafield tag="041" ind1="0" ind2=" ">
		<subfield code="g">eng</subfield>
	  </datafield>
	  <datafield tag="048" ind1=" " ind2=" ">
		<subfield code="a">oe</subfield>
	  </datafield>
	  <datafield tag="049" ind1=" " ind2=" ">
		<subfield code="a">IUGA</subfield>
	  </datafield>
	  <datafield tag="099" ind1=" " ind2=" ">
		<subfield code="a">LP-S</subfield>
		<subfield code="a">.F9691</subfield>
		<subfield code="a">G.1</subfield>
	  </datafield>
	  <datafield tag="245" ind1="0" ind2="0">
		<subfield code="a">Gil Fuller &amp; the Monterey Jazz Festival Orchestra.</subfield>
		<subfield code="h">[Sound recording]</subfield>
	  </datafield>
	  <datafield tag="262" ind1=" " ind2=" ">
		<subfield code="b">Pacific Jazz</subfield>
		<subfield code="c">ST-93.</subfield>
		<subfield code="d">[196-?]</subfield>
	  </datafield>
	  <datafield tag="305" ind1=" " ind2=" ">
		<subfield code="a">1 disc.</subfield>
		<subfield code="b">33 1/3 rpm. stereo.</subfield>
		<subfield code="c">12 in.</subfield>
	  </datafield>
	  <datafield tag="511" ind1="0" ind2=" ">
		<subfield code="a">Monterey Jazz Festival Orchestra, arranged and conducted by Gil Fuller featuring Dizzy Gillespie, trumpet.</subfield>
	  </datafield>
	  <datafield tag="500" ind1=" " ind2=" ">
		<subfield code="a">Program notes by Ralph J. Gleason on container.</subfield>
	  </datafield>
	  <datafield tag="650" ind1=" " ind2="0">
		<subfield code="a">Jazz.</subfield>
	  </datafield>
	  <datafield tag="650" ind1=" " ind2="0">
		<subfield code="a">Dance orchestra music.</subfield>
	  </datafield>
	  <datafield tag="650" ind1=" " ind2="4">
		<subfield code="a">Black Music Collection</subfield>
		<subfield code="x">Phonodisc.</subfield>
	  </datafield>
	  <datafield tag="700" ind1="1" ind2="0">
		<subfield code="a">Fuller, Gil,</subfield>
		<subfield code="d">1920-</subfield>
		<subfield code="4">prf</subfield>
	  </datafield>
	  <datafield tag="700" ind1="1" ind2="0">
		<subfield code="a">Gillespie, Dizzy,</subfield>
		<subfield code="d">1917-1993.</subfield>
		<subfield code="4">prf</subfield>
	  </datafield>
	  <datafield tag="711" ind1="2" ind2="0">
		<subfield code="a">Monterey Jazz Festival.</subfield>
		<subfield code="e">Orchestra.</subfield>
		<subfield code="4">prf</subfield>
	  </datafield>
	  <datafield tag="998" ind1=" " ind2=" ">
		<subfield code="a">3/24/1992</subfield>
		<subfield code="b">10/8/1998</subfield>
		<subfield code="c">3/24/1992</subfield>
	  </datafield>
	  <datafield tag="596" ind1=" " ind2=" ">
		<subfield code="a">20</subfield>
	  </datafield>
	  <datafield tag="999" ind1=" " ind2=" ">
		<subfield code="a">LP-S .F9691 G.1</subfield>
		<subfield code="w">ASIS</subfield>
		<subfield code="c">1</subfield>
		<subfield code="i">32000004815967</subfield>
		<subfield code="d">12/13/1999</subfield>
		<subfield code="l">PHONORECS</subfield>
		<subfield code="m">B-MUSIC</subfield>
		<subfield code="n">2</subfield>
		<subfield code="r">Y</subfield>
		<subfield code="s">Y</subfield>
		<subfield code="t">AV</subfield>
		<subfield code="u">11/5/2000</subfield>
		<subfield code="z">LP</subfield>
	  </datafield>
	</record>