
	<record>
	  <leader>01717cam a2200349 a 45 0</leader>
	  <controlfield tag="001">a251129</controlfield>
	  <controlfield tag="003">InU</controlfield>
	  <controlfield tag="008">910730s1991    caua     b    101 0 eng  </controlfield>
	  <datafield tag="010" ind1=" " ind2=" ">
		<subfield code="a">   91005029</subfield>
	  </datafield>
	  <datafield tag="020" ind1=" " ind2=" ">
		<subfield code="a">155815146X (pbk.) :</subfield>
		<subfield code="c">$14.95</subfield>
	  </datafield>
	  <datafield tag="035" ind1=" " ind2=" ">
		<subfield code="a">(InU)ACK6978BB</subfield>
	  </datafield>
	  <datafield tag="035" ind1=" " ind2=" ">
		<subfield code="a">(OCoLC)ocm24247130</subfield>
	  </datafield>
	  <datafield tag="040" ind1=" " ind2=" ">
		<subfield code="a">DLC</subfield>
		<subfield code="c">DLC</subfield>
		<subfield code="d">IUL</subfield>
	  </datafield>
	  <datafield tag="043" ind1=" " ind2=" ">
		<subfield code="a">d------</subfield>
	  </datafield>
	  <datafield tag="049" ind1=" " ind2=" ">
		<subfield code="a">IULA</subfield>
	  </datafield>
	  <datafield tag="050" ind1="0" ind2="0">
		<subfield code="a">HG3877</subfield>
		<subfield code="b">.E93 1991</subfield>
	  </datafield>
	  <datafield tag="082" ind1="0" ind2="0">
		<subfield code="a">332.4/56</subfield>
		<subfield code="2">20</subfield>
	  </datafield>
	  <datafield tag="245" ind1="0" ind2="0">
		<subfield code="a">Exchange rate policies in developing and post-socialist countries /</subfield>
		<subfield code="c">edited by Emil-Maria Claassen.</subfield>
	  </datafield>
	  <datafield tag="260" ind1="0" ind2=" ">
		<subfield code="a">San Francisco, Calif. :</subfield>
		<subfield code="b">ICS Press ;</subfield>
		<subfield code="a">Lanham, Md. :</subfield>
		<subfield code="b">Distributed to the book trade by National Book Network,</subfield>
		<subfield code="c">c1991.</subfield>
	  </datafield>
	  <datafield tag="300" ind1=" " ind2=" ">
		<subfield code="a">xix, 443 p. :</subfield>
		<subfield code="b">ill. ;</subfield>
		<subfield code="c">23 cm.</subfield>
	  </datafield>
	  <datafield tag="500" ind1=" " ind2=" ">
		<subfield code="a">Proceedings of the Second Monetary Conference of the Freie Universität Berlin and the Landeszentralbank Berlin, held May 10-12, 1990, at the Berliner Bank, and sponsored by the International Center for Economic Growth.</subfield>
	  </datafield>
	  <datafield tag="500" ind1=" " ind2=" ">
		<subfield code="a">"An International Center for Economic Growth publication."</subfield>
	  </datafield>
	  <datafield tag="504" ind1=" " ind2=" ">
		<subfield code="a">Includes bibliographical references (p. 409-423) and index.</subfield>
	  </datafield>
	  <datafield tag="650" ind1=" " ind2="0">
		<subfield code="a">Foreign exchange</subfield>
		<subfield code="x">Congresses.</subfield>
	  </datafield>
	  <datafield tag="650" ind1=" " ind2="0">
		<subfield code="a">Monetary policy</subfield>
		<subfield code="z">Developing countries</subfield>
		<subfield code="x">Congresses.</subfield>
	  </datafield>
	  <datafield tag="700" ind1="1" ind2="0">
		<subfield code="a">Claassen, Emil Maria,</subfield>
		<subfield code="d">1934-</subfield>
	  </datafield>
	  <datafield tag="710" ind1="2" ind2="0">
		<subfield code="a">International Center for Economic Growth.</subfield>
	  </datafield>
	  <datafield tag="711" ind1="2" ind2="0">
		<subfield code="a">Monetary Conference of the Freie Universität Berlin and the Landeszentralbank Berlin</subfield>
		<subfield code="n">(2nd :</subfield>
		<subfield code="d">1990 :</subfield>
		<subfield code="c">Berliner Bank)</subfield>
	  </datafield>
	  <datafield tag="998" ind1=" " ind2=" ">
		<subfield code="a">3/31/1992</subfield>
		<subfield code="b">3/31/1992</subfield>
		<subfield code="c">3/31/1992</subfield>
	  </datafield>
	  <datafield tag="596" ind1=" " ind2=" ">
		<subfield code="a">1 5</subfield>
	  </datafield>
	  <datafield tag="999" ind1=" " ind2=" ">
		<subfield code="a">HG3877 .E93 1991</subfield>
		<subfield code="w">LC</subfield>
		<subfield code="c">1</subfield>
		<subfield code="i">30000026008775</subfield>
		<subfield code="d">7/5/2000</subfield>
		<subfield code="l">_RCSTACKS</subfield>
		<subfield code="m">B-WELLS</subfield>
		<subfield code="n">7</subfield>
		<subfield code="q">1</subfield>
		<subfield code="r">Y</subfield>
		<subfield code="s">Y</subfield>
		<subfield code="t">NORMAL</subfield>
		<subfield code="u">11/5/2000</subfield>
	  </datafield>
	  <datafield tag="999" ind1=" " ind2=" ">
		<subfield code="a">HG3877 .E93 1991</subfield>
		<subfield code="w">LC</subfield>
		<subfield code="c">1</subfield>
		<subfield code="i">30000105862290</subfield>
		<subfield code="d">10/23/1995</subfield>
		<subfield code="l">_ALF</subfield>
		<subfield code="m">B-ALF</subfield>
		<subfield code="n">2</subfield>
		<subfield code="r">Y</subfield>
		<subfield code="s">Y</subfield>
		<subfield code="t">NORMAL</subfield>
		<subfield code="u">11/5/2000</subfield>
	  </datafield>
	</record>