
	<record>
	  <leader>04080cjm a2200529ua 45 0</leader>
	  <controlfield tag="001">a251151</controlfield>
	  <controlfield tag="003">InU</controlfield>
	  <controlfield tag="007">sdufmngnn???ee</controlfield>
	  <controlfield tag="008">920106p19871944xxujzn   iz         N/A d</controlfield>
	  <datafield tag="024" ind1="1" ind2=" ">
		<subfield code="a">4228309602</subfield>
	  </datafield>
	  <datafield tag="028" ind1="0" ind2="0">
		<subfield code="a">830 960-2</subfield>
		<subfield code="b">Mercury</subfield>
	  </datafield>
	  <datafield tag="028" ind1="0" ind2="0">
		<subfield code="a">830 961-2</subfield>
		<subfield code="b">Mercury</subfield>
	  </datafield>
	  <datafield tag="028" ind1="0" ind2="0">
		<subfield code="a">830 962-2</subfield>
		<subfield code="b">Mercury</subfield>
	  </datafield>
	  <datafield tag="028" ind1="0" ind2="0">
		<subfield code="a">830 963-2</subfield>
		<subfield code="b">Mercury</subfield>
	  </datafield>
	  <datafield tag="028" ind1="0" ind2="0">
		<subfield code="a">830 964-2</subfield>
		<subfield code="b">Mercury</subfield>
	  </datafield>
	  <datafield tag="035" ind1=" " ind2=" ">
		<subfield code="a">(InU)ACK7010BM</subfield>
	  </datafield>
	  <datafield tag="033" ind1="2" ind2="0">
		<subfield code="a">19440131</subfield>
		<subfield code="a">19441212</subfield>
		<subfield code="b">3804</subfield>
		<subfield code="c">N4</subfield>
	  </datafield>
	  <datafield tag="035" ind1=" " ind2=" ">
		<subfield code="a">(OCoLC)ocm27114280</subfield>
	  </datafield>
	  <datafield tag="040" ind1=" " ind2=" ">
		<subfield code="a">PAU</subfield>
		<subfield code="c">PAU</subfield>
	  </datafield>
	  <datafield tag="041" ind1="0" ind2=" ">
		<subfield code="g">engjpn</subfield>
		<subfield code="h">eng</subfield>
	  </datafield>
	  <datafield tag="049" ind1=" " ind2=" ">
		<subfield code="a">IULA</subfield>
	  </datafield>
	  <datafield tag="100" ind1="1" ind2=" ">
		<subfield code="a">Hawkins, Coleman.</subfield>
		<subfield code="4">prf</subfield>
	  </datafield>
	  <datafield tag="245" ind1="1" ind2="4">
		<subfield code="a">The complete Coleman Hawkins</subfield>
		<subfield code="h">[sound recording].</subfield>
	  </datafield>
	  <datafield tag="260" ind1=" " ind2=" ">
		<subfield code="a">[United States] :</subfield>
		<subfield code="b">Mercury,</subfield>
		<subfield code="c">p1987.</subfield>
	  </datafield>
	  <datafield tag="300" ind1=" " ind2=" ">
		<subfield code="a">4 discs :</subfield>
		<subfield code="b">digital, mono. ;</subfield>
		<subfield code="c">4 3/4 in.</subfield>
	  </datafield>
	  <datafield tag="440" ind1=" " ind2="4">
		<subfield code="a">The Essential Keynote collection ;</subfield>
		<subfield code="v">6</subfield>
	  </datafield>
	  <datafield tag="500" ind1=" " ind2=" ">
		<subfield code="a">Mercury: 830 960-2 (830 961-2--830 964-2).</subfield>
	  </datafield>
	  <datafield tag="511" ind1="0" ind2=" ">
		<subfield code="a">Coleman Hawkins, tenor saxophone ; also featuring, variously, Teddy Wilson and Earl Hines, piano ; Coleman Hawkins Quintet (1st-9th works) ; Coleman Hawkins Quartet (10th-13th) ; Cozy Cole All Stars (14th-23rd) ; Coleman Hawkins and his Sax Ensemble (24th-29th) ; Coleman Hawkins' All American Four (30th-35th) ; Coleman Hawkins Quintet (36th-45th [in part different personnel from the 1st-9th works]) ; Charlie Shavers' All American Five (46th-53rd) ; George Wettling's New Yorkers (54th-61st).</subfield>
	  </datafield>
	  <datafield tag="518" ind1=" " ind2=" ">
		<subfield code="a">Recorded between Jan. 31 and Dec. 12, 1944, in New York.</subfield>
	  </datafield>
	  <datafield tag="500" ind1=" " ind2=" ">
		<subfield code="a">Compact discs.</subfield>
	  </datafield>
	  <datafield tag="500" ind1=" " ind2=" ">
		<subfield code="a">Analog recording.</subfield>
	  </datafield>
	  <datafield tag="500" ind1=" " ind2=" ">
		<subfield code="a">Program notes in English by Dan Morgenstern with Japanese translation (31 p.) inserted in container.</subfield>
	  </datafield>
	  <datafield tag="505" ind1="0" ind2=" ">
		<subfield code="a">I only have eyes for you (3:10) -- I only have eyes for you (3:09) -- I only have eyes for you (3:08) -- 'S wonderful (2:56) -- 'S wonderful (2:37) -- I'm in the mood for love (3:12) -- "Bean" at the Met (3:05) -- "Bean" at the Met (3:03) -- "Bean" at the Met (3:00) -- Flame thrower (3:14) -- Imagination (2:47) -- Night and day (3:19) -- Cattin' at the keynote (2:39) -- Blue moon (4:32) -- Blue moon (4:27) -- Father co-operates (3:51) -- Father co-operates (4:57) -- Father co-operates (5:12) -- Father co-operates (4:46) -- Just one more chance (5:02) -- Just one more chance (4:51) -- Thru' for the night (4:45) -- Thru' for the night (4:42) -- On the sunny side of the street (4:52) -- On the sunny side of the street (4:42) -- Three little words (4:44) -- Battle of the saxes (4:35) -- Louise (4:53) -- Louise (4:51)</subfield>
	  </datafield>
	  <datafield tag="505" ind1="0" ind2=" ">
		<subfield code="a">(continued) Make believe (4:42) -- Make believe (4:42) -- Don't blame me (4:48) -- Don't blame me (4:50) -- Just one of those things (4:30) -- Hallelujah (3:58) -- I'm yours (3:20) -- I'm yours (3:12) -- I'm yours (3:27) -- Under a blanket of blue (3:08) -- Beyond the blue horizon (2:59) -- Beyond the blue horizon (2:56) -- Beyond the blue horizon (2:54) -- A shanty in old shanty town (2:53) -- A shanty in old shanty town (2:43) -- A shanty in old shanty town (2:57) -- My man (3:19) -- My man (3:17) -- El salon de gutbucket (2:57) -- El salon de gutbucket (2:51) -- Embraceable you (3:01) -- Undecided (3:00) -- Undecided (3:02) -- Undecided (2:51) -- Home (3:33) -- Home (3:44) -- Too marvelous for words (3:09) -- Too marvelous for words (3:44) -- Too marvelous for words (4:03) -- You brought a new kind of love (3:05) -- You brought a new kind of love (3:53) -- Somebody loves me (3:47).</subfield>
	  </datafield>
	  <datafield tag="650" ind1=" " ind2="0">
		<subfield code="a">Jazz</subfield>
		<subfield code="y">1941-1950.</subfield>
	  </datafield>
	  <datafield tag="650" ind1=" " ind2="0">
		<subfield code="a">Swing (Music)</subfield>
	  </datafield>
	  <datafield tag="700" ind1="1" ind2="0">
		<subfield code="a">Wilson, Teddy,</subfield>
		<subfield code="d">1912-1986</subfield>
		<subfield code="4">prf</subfield>
	  </datafield>
	  <datafield tag="700" ind1="1" ind2="0">
		<subfield code="a">Hines, Earl,</subfield>
		<subfield code="d">1903-1983</subfield>
		<subfield code="4">prf</subfield>
	  </datafield>
	  <datafield tag="710" ind1="2" ind2="0">
		<subfield code="a">Coleman Hawkins Quintet.</subfield>
		<subfield code="4">prf</subfield>
	  </datafield>
	  <datafield tag="710" ind1="2" ind2="0">
		<subfield code="a">Coleman Hawkins Quartet.</subfield>
		<subfield code="4">prf</subfield>
	  </datafield>
	  <datafield tag="710" ind1="2" ind2="0">
		<subfield code="a">Coleman Hawkins' All American Four.</subfield>
		<subfield code="4">prf</subfield>
	  </datafield>
	  <datafield tag="710" ind1="2" ind2="0">
		<subfield code="a">George Wettling's New Yorkers.</subfield>
		<subfield code="4">prf</subfield>
	  </datafield>
	  <datafield tag="710" ind1="2" ind2="0">
		<subfield code="a">Charlie Shavers All American Five</subfield>
		<subfield code="4">prf</subfield>
	  </datafield>
	  <datafield tag="710" ind1="2" ind2="0">
		<subfield code="a">Cozy Cole's All Stars</subfield>
		<subfield code="4">prf</subfield>
	  </datafield>
	  <datafield tag="998" ind1=" " ind2=" ">
		<subfield code="a">3/31/1992</subfield>
		<subfield code="b">10/10/1994</subfield>
		<subfield code="c">3/31/1992</subfield>
	  </datafield>
	  <datafield tag="596" ind1=" " ind2=" ">
		<subfield code="a">20</subfield>
	  </datafield>
	  <datafield tag="999" ind1=" " ind2=" ">
		<subfield code="a">CD .H3934 J.8</subfield>
		<subfield code="w">ASIS</subfield>
		<subfield code="c">1</subfield>
		<subfield code="i">39000018347430</subfield>
		<subfield code="d">4/16/2009</subfield>
		<subfield code="e">4/16/2009</subfield>
		<subfield code="j">3</subfield>
		<subfield code="l">CD</subfield>
		<subfield code="m">B-MUSIC</subfield>
		<subfield code="n">16</subfield>
		<subfield code="q">8</subfield>
		<subfield code="r">Y</subfield>
		<subfield code="s">Y</subfield>
		<subfield code="t">AV</subfield>
		<subfield code="u">11/5/2000</subfield>
		<subfield code="z">CD</subfield>
		<subfield code="o">.STAFF.  Includes 1 insert</subfield>
		<subfield code="o">.STAFF.  includes one insert</subfield>
	  </datafield>
	</record>