
	<record>
	  <leader>01267ccm a2200301 a 45 0</leader>
	  <controlfield tag="001">a251344</controlfield>
	  <controlfield tag="003">InU</controlfield>
	  <controlfield tag="008">830621s1975    cl zza         n    spa d</controlfield>
	  <datafield tag="035" ind1=" " ind2=" ">
		<subfield code="a">(InU)ACK7271BM</subfield>
	  </datafield>
	  <datafield tag="035" ind1=" " ind2=" ">
		<subfield code="a">(OCoLC)ocm09627459</subfield>
	  </datafield>
	  <datafield tag="040" ind1=" " ind2=" ">
		<subfield code="a">IXA</subfield>
		<subfield code="c">IXA</subfield>
		<subfield code="d">m/c</subfield>
	  </datafield>
	  <datafield tag="048" ind1=" " ind2=" ">
		<subfield code="a">ca04</subfield>
	  </datafield>
	  <datafield tag="049" ind1=" " ind2=" ">
		<subfield code="a">IULA</subfield>
	  </datafield>
	  <datafield tag="090" ind1=" " ind2=" ">
		<subfield code="a">M3.1.L474</subfield>
		<subfield code="b">C3</subfield>
	  </datafield>
	  <datafield tag="100" ind1="2" ind2="0">
		<subfield code="a">Letelier Llona, Alfonso,</subfield>
		<subfield code="d">1912-1994.</subfield>
	  </datafield>
	  <datafield tag="240" ind1="1" ind2="0">
		<subfield code="a">Choral music.</subfield>
		<subfield code="k">Selections</subfield>
	  </datafield>
	  <datafield tag="245" ind1="0" ind2="0">
		<subfield code="a">Cinco canciones corales /</subfield>
		<subfield code="c">Alfonso Letelier.</subfield>
	  </datafield>
	  <datafield tag="260" ind1="0" ind2=" ">
		<subfield code="a">[Santiago de Chile] :</subfield>
		<subfield code="b">Universidad de Chile, Facultad de Ciencias y Artes Musicales y de la Representación,</subfield>
		<subfield code="c">1975.</subfield>
	  </datafield>
	  <datafield tag="300" ind1=" " ind2=" ">
		<subfield code="a">1 score (23 p.) ;</subfield>
		<subfield code="c">26 cm.</subfield>
	  </datafield>
	  <datafield tag="440" ind1=" " ind2="0">
		<subfield code="a">Compositores de Chile.</subfield>
		<subfield code="p">Serie C, Obras Corales</subfield>
	  </datafield>
	  <datafield tag="500" ind1=" " ind2=" ">
		<subfield code="a">For unacc. mixed chorus (SATB)</subfield>
	  </datafield>
	  <datafield tag="505" ind1="0" ind2=" ">
		<subfield code="a">Villancico -- Decires -- La madre triste -- El velero -- O Sacrum Convivium.</subfield>
	  </datafield>
	  <datafield tag="650" ind1=" " ind2="0">
		<subfield code="a">Choruses (Mixed voices, 4 parts), Unaccompanied</subfield>
		<subfield code="x">Scores.</subfield>
	  </datafield>
	  <datafield tag="650" ind1=" " ind2="4">
		<subfield code="a">Latin American music.</subfield>
	  </datafield>
	  <datafield tag="998" ind1=" " ind2=" ">
		<subfield code="a">3/31/1992</subfield>
		<subfield code="b">3/31/1992</subfield>
		<subfield code="c">3/31/1992</subfield>
	  </datafield>
	  <datafield tag="596" ind1=" " ind2=" ">
		<subfield code="a">20</subfield>
	  </datafield>
	  <datafield tag="999" ind1=" " ind2=" ">
		<subfield code="a">ACK7271</subfield>
		<subfield code="w">ASIS</subfield>
		<subfield code="c">1</subfield>
		<subfield code="i">30000085017386</subfield>
		<subfield code="d">1/30/2007</subfield>
		<subfield code="e">11/27/2006</subfield>
		<subfield code="l">_MUFRSCOR</subfield>
		<subfield code="m">B-MUSIC</subfield>
		<subfield code="n">1</subfield>
		<subfield code="q">1</subfield>
		<subfield code="r">Y</subfield>
		<subfield code="s">Y</subfield>
		<subfield code="t">NORMAL</subfield>
		<subfield code="u">11/5/2000</subfield>
		<subfield code="x">LATAMMUSIC</subfield>
	  </datafield>
	  <datafield tag="999" ind1=" " ind2=" ">
		<subfield code="a">ACK7271</subfield>
		<subfield code="w">ASIS</subfield>
		<subfield code="c">2</subfield>
		<subfield code="i">30000095436808</subfield>
		<subfield code="d">3/2/2010</subfield>
		<subfield code="e">3/2/2010</subfield>
		<subfield code="k">MISSING</subfield>
		<subfield code="l">_MUFRSCOR</subfield>
		<subfield code="m">B-MUSIC</subfield>
		<subfield code="n">2</subfield>
		<subfield code="r">M</subfield>
		<subfield code="s">Y</subfield>
		<subfield code="t">NORMAL</subfield>
		<subfield code="u">10/9/2008</subfield>
		<subfield code="x">LATAMMUSIC</subfield>
	  </datafield>
	</record>