
	<record>
	  <leader>00931cam a2200277 a 45 0</leader>
	  <controlfield tag="001">a251460</controlfield>
	  <controlfield tag="003">InU</controlfield>
	  <controlfield tag="008">880505s1987    gw       b    00010 ger d</controlfield>
	  <datafield tag="020" ind1=" " ind2=" ">
		<subfield code="a">3892061858</subfield>
	  </datafield>
	  <datafield tag="035" ind1=" " ind2=" ">
		<subfield code="a">(InU)ACK7534BB</subfield>
	  </datafield>
	  <datafield tag="035" ind1=" " ind2=" ">
		<subfield code="a">(OCoLC)ocm17896807</subfield>
	  </datafield>
	  <datafield tag="040" ind1=" " ind2=" ">
		<subfield code="a">UIU</subfield>
		<subfield code="c">UIU</subfield>
		<subfield code="d">IXA</subfield>
		<subfield code="d">IUL</subfield>
	  </datafield>
	  <datafield tag="049" ind1=" " ind2=" ">
		<subfield code="a">IULA</subfield>
	  </datafield>
	  <datafield tag="090" ind1=" " ind2=" ">
		<subfield code="a">PN56.A65</subfield>
		<subfield code="b">L547 1987</subfield>
	  </datafield>
	  <datafield tag="092" ind1="0" ind2=" ">
		<subfield code="a">809.93351</subfield>
		<subfield code="b">L625j</subfield>
		<subfield code="2">19</subfield>
	  </datafield>
	  <datafield tag="100" ind1="1" ind2="0">
		<subfield code="a">Liese, Hans-J.,</subfield>
		<subfield code="d">1925-</subfield>
		<subfield code="w">1n</subfield>
	  </datafield>
	  <datafield tag="245" ind1="1" ind2="0">
		<subfield code="a">Jenseits des Ruhms :</subfield>
		<subfield code="b">der "negative" Held in Geschichte, Kultur und Zeitgeschehen /</subfield>
		<subfield code="c">Hans-J. Liese.</subfield>
	  </datafield>
	  <datafield tag="260" ind1="0" ind2=" ">
		<subfield code="a">Essen :</subfield>
		<subfield code="b">Die Blaue Eule,</subfield>
		<subfield code="c">c1987.</subfield>
	  </datafield>
	  <datafield tag="300" ind1=" " ind2=" ">
		<subfield code="a">204 p. ;</subfield>
		<subfield code="c">21 cm.</subfield>
	  </datafield>
	  <datafield tag="440" ind1=" " ind2="0">
		<subfield code="a">Allgemeine Literatur in der Blauen Eule</subfield>
		<subfield code="w">n1</subfield>
	  </datafield>
	  <datafield tag="504" ind1=" " ind2=" ">
		<subfield code="a">Bibliography: p. 193-200.</subfield>
	  </datafield>
	  <datafield tag="650" ind1=" " ind2="0">
		<subfield code="a">Antiheroes.</subfield>
	  </datafield>
	  <datafield tag="650" ind1=" " ind2="0">
		<subfield code="a">Glory in literature.</subfield>
	  </datafield>
	  <datafield tag="998" ind1=" " ind2=" ">
		<subfield code="a">3/31/1992</subfield>
		<subfield code="b">4/30/1992</subfield>
		<subfield code="c">3/31/1992</subfield>
	  </datafield>
	  <datafield tag="596" ind1=" " ind2=" ">
		<subfield code="a">5</subfield>
	  </datafield>
	  <datafield tag="999" ind1=" " ind2=" ">
		<subfield code="a">PN56.A65 L547 1987</subfield>
		<subfield code="w">LC</subfield>
		<subfield code="c">1</subfield>
		<subfield code="i">30000097346864</subfield>
		<subfield code="d">3/7/2001</subfield>
		<subfield code="e">1/30/2001</subfield>
		<subfield code="l">_ALF</subfield>
		<subfield code="m">B-ALF</subfield>
		<subfield code="n">2</subfield>
		<subfield code="r">Y</subfield>
		<subfield code="s">Y</subfield>
		<subfield code="t">NORMAL</subfield>
		<subfield code="u">11/5/2000</subfield>
	  </datafield>
	</record>