
	<record>
	  <leader>00950cam a2200253ua 45 0</leader>
	  <controlfield tag="001">a251504</controlfield>
	  <controlfield tag="003">InU</controlfield>
	  <controlfield tag="008">920213s1991    gw       b    00010 eng d</controlfield>
	  <datafield tag="020" ind1=" " ind2=" ">
		<subfield code="a">3884796054</subfield>
	  </datafield>
	  <datafield tag="035" ind1=" " ind2=" ">
		<subfield code="a">(InU)ACK7606BB</subfield>
	  </datafield>
	  <datafield tag="035" ind1=" " ind2=" ">
		<subfield code="a">(OCoLC)ocm25457106</subfield>
	  </datafield>
	  <datafield tag="040" ind1=" " ind2=" ">
		<subfield code="a">NYP</subfield>
		<subfield code="c">NYP</subfield>
		<subfield code="d">IUL</subfield>
	  </datafield>
	  <datafield tag="049" ind1=" " ind2=" ">
		<subfield code="a">IULA</subfield>
	  </datafield>
	  <datafield tag="100" ind1="1" ind2="0">
		<subfield code="a">Christensen, Carleton B.</subfield>
	  </datafield>
	  <datafield tag="245" ind1="1" ind2="0">
		<subfield code="a">Language and intentionality :</subfield>
		<subfield code="b">a critical examination of John Searl's later theory of speech acts and intentionality /</subfield>
		<subfield code="c">Carleton B. Christensen.</subfield>
	  </datafield>
	  <datafield tag="260" ind1="0" ind2=" ">
		<subfield code="a">Würzburg :</subfield>
		<subfield code="b">Königshausen &amp; Neumann,</subfield>
		<subfield code="c">1991.</subfield>
	  </datafield>
	  <datafield tag="300" ind1=" " ind2=" ">
		<subfield code="a">286 p. ;</subfield>
		<subfield code="c">24 cm.</subfield>
	  </datafield>
	  <datafield tag="440" ind1=" " ind2="0">
		<subfield code="a">Epistemata.</subfield>
		<subfield code="p">Reihe Philosophie</subfield>
		<subfield code="v">Bd. 93</subfield>
	  </datafield>
	  <datafield tag="504" ind1=" " ind2=" ">
		<subfield code="a">Includes bibliographical references (p. [281]-286).</subfield>
	  </datafield>
	  <datafield tag="650" ind1=" " ind2="0">
		<subfield code="a">Speech acts (Linguistics)</subfield>
	  </datafield>
	  <datafield tag="600" ind1="1" ind2="0">
		<subfield code="a">Searle, John R.</subfield>
	  </datafield>
	  <datafield tag="998" ind1=" " ind2=" ">
		<subfield code="a">3/31/1992</subfield>
		<subfield code="b">5/1/1992</subfield>
		<subfield code="c">3/31/1992</subfield>
	  </datafield>
	  <datafield tag="596" ind1=" " ind2=" ">
		<subfield code="a">1</subfield>
	  </datafield>
	  <datafield tag="999" ind1=" " ind2=" ">
		<subfield code="a">P95.55 .C477 1991</subfield>
		<subfield code="w">LC</subfield>
		<subfield code="c">1</subfield>
		<subfield code="i">30000027289291</subfield>
		<subfield code="d">12/17/2004</subfield>
		<subfield code="e">11/24/2004</subfield>
		<subfield code="l">_RCSTACKS</subfield>
		<subfield code="m">B-WELLS</subfield>
		<subfield code="n">12</subfield>
		<subfield code="q">2</subfield>
		<subfield code="r">Y</subfield>
		<subfield code="s">Y</subfield>
		<subfield code="t">NORMAL</subfield>
		<subfield code="u">11/5/2000</subfield>
	  </datafield>
	</record>