
	<record>
	  <leader>01085cam a2200277 a 45 0</leader>
	  <controlfield tag="001">a252055</controlfield>
	  <controlfield tag="003">InU</controlfield>
	  <controlfield tag="008">911212s1991    at       b    000 0 eng d</controlfield>
	  <datafield tag="020" ind1=" " ind2=" ">
		<subfield code="a">0858834057</subfield>
	  </datafield>
	  <datafield tag="035" ind1=" " ind2=" ">
		<subfield code="a">(InU)ACK8599BB</subfield>
	  </datafield>
	  <datafield tag="035" ind1=" " ind2=" ">
		<subfield code="a">(OCoLC)ocm24943262</subfield>
	  </datafield>
	  <datafield tag="040" ind1=" " ind2=" ">
		<subfield code="a">WAU</subfield>
		<subfield code="c">WAU</subfield>
		<subfield code="d">IUL</subfield>
	  </datafield>
	  <datafield tag="043" ind1=" " ind2=" ">
		<subfield code="a">a-ph---</subfield>
	  </datafield>
	  <datafield tag="049" ind1=" " ind2=" ">
		<subfield code="a">IULA</subfield>
	  </datafield>
	  <datafield tag="090" ind1=" " ind2=" ">
		<subfield code="a">PL5851</subfield>
		<subfield code="b">.B72 1991</subfield>
	  </datafield>
	  <datafield tag="100" ind1="1" ind2="0">
		<subfield code="a">Brainard, Sherri.</subfield>
	  </datafield>
	  <datafield tag="245" ind1="1" ind2="0">
		<subfield code="a">Theme, result, and contrast :</subfield>
		<subfield code="b">a study in expository discourse in Upper Tanudan Kalinga /</subfield>
		<subfield code="c">Sherri Brainard.</subfield>
	  </datafield>
	  <datafield tag="260" ind1="0" ind2=" ">
		<subfield code="a">Canberra, A.C.T., Australia :</subfield>
		<subfield code="b">Dept. of Linguistics, Research School of Pacific Studies, Australian National University,</subfield>
		<subfield code="c">1991.</subfield>
	  </datafield>
	  <datafield tag="300" ind1=" " ind2=" ">
		<subfield code="a">ix, 203 p. ;</subfield>
		<subfield code="c">25 cm.</subfield>
	  </datafield>
	  <datafield tag="440" ind1=" " ind2="0">
		<subfield code="a">Pacific linguistics.</subfield>
		<subfield code="n">Series B,</subfield>
		<subfield code="x">0078-754X ;</subfield>
		<subfield code="v">106</subfield>
	  </datafield>
	  <datafield tag="504" ind1=" " ind2=" ">
		<subfield code="a">Includes bibliographical references (p. 201-203).</subfield>
	  </datafield>
	  <datafield tag="650" ind1=" " ind2="0">
		<subfield code="a">Kalinga languages</subfield>
		<subfield code="x">Discourse analysis.</subfield>
	  </datafield>
	  <datafield tag="650" ind1=" " ind2="0">
		<subfield code="a">Kalinga languages</subfield>
		<subfield code="z">Philippines</subfield>
		<subfield code="z">Kalinga-Apayao.</subfield>
	  </datafield>
	  <datafield tag="998" ind1=" " ind2=" ">
		<subfield code="a">4/1/1992</subfield>
		<subfield code="b">4/1/1992</subfield>
		<subfield code="c">4/1/1992</subfield>
	  </datafield>
	  <datafield tag="596" ind1=" " ind2=" ">
		<subfield code="a">1</subfield>
	  </datafield>
	  <datafield tag="999" ind1=" " ind2=" ">
		<subfield code="a">PL5851 .B72 1991</subfield>
		<subfield code="w">LC</subfield>
		<subfield code="c">1</subfield>
		<subfield code="i">30000027330780</subfield>
		<subfield code="d">6/15/1992</subfield>
		<subfield code="l">_RCSTACKS</subfield>
		<subfield code="m">B-WELLS</subfield>
		<subfield code="n">1</subfield>
		<subfield code="r">Y</subfield>
		<subfield code="s">Y</subfield>
		<subfield code="t">NORMAL</subfield>
		<subfield code="u">11/5/2000</subfield>
	  </datafield>
	</record>