
	<record>
	  <leader>02156cam a2200493 I 4500</leader>
	  <controlfield tag="001">a252306</controlfield>
	  <controlfield tag="003">InU</controlfield>
	  <controlfield tag="008">861031s1986    ch       b    001 0 chi  </controlfield>
	  <datafield tag="010" ind1=" " ind2=" ">
		<subfield code="a">   85835406</subfield>
	  </datafield>
	  <datafield tag="019" ind1=" " ind2=" ">
		<subfield code="a">70360110</subfield>
		<subfield code="a">166354916</subfield>
	  </datafield>
	  <datafield tag="035" ind1=" " ind2=" ">
		<subfield code="a">(OCoLC)ocm15400762</subfield>
	  </datafield>
	  <datafield tag="035" ind1=" " ind2=" ">
		<subfield code="a">(OCoLC)15400762</subfield>
	  </datafield>
	  <datafield tag="040" ind1=" " ind2=" ">
		<subfield code="a">DLC</subfield>
		<subfield code="c">DLC</subfield>
		<subfield code="d">IUL</subfield>
		<subfield code="d">GZM</subfield>
		<subfield code="d">UAB</subfield>
	  </datafield>
	  <datafield tag="043" ind1=" " ind2=" ">
		<subfield code="a">a-cc---</subfield>
	  </datafield>
	  <datafield tag="049" ind1=" " ind2=" ">
		<subfield code="a">IULA</subfield>
	  </datafield>
	  <datafield tag="050" ind1=" " ind2="4">
		<subfield code="a">JX4131</subfield>
		<subfield code="b">.M23 1986</subfield>
	  </datafield>
	  <datafield tag="055" ind1=" " ind2="3">
		<subfield code="a">JX4084.S45</subfield>
		<subfield code="b">M12 1986</subfield>
	  </datafield>
	  <datafield tag="090" ind1=" " ind2=" ">
		<subfield code="a">049  IULA</subfield>
	  </datafield>
	  <datafield tag="100" ind1="1" ind2=" ">
		<subfield code="6">880-01</subfield>
		<subfield code="a">Ma, Yingjiu.</subfield>
	  </datafield>
	  <datafield tag="245" ind1="1" ind2="0">
		<subfield code="6">880-02</subfield>
		<subfield code="a">Cong xin Hai yang fa lun Diaoyutai lie yu yu Donghai hua jie wen ti /</subfield>
		<subfield code="c">Ma Yingjiu zhu = The Tiao-yu-t'ai (Senkaku) islets and the East China Sea delimitation : a review under the new Law of the sea / by Ying-jeou Ma.</subfield>
	  </datafield>
	  <datafield tag="250" ind1=" " ind2=" ">
		<subfield code="6">880-03</subfield>
		<subfield code="a">Tai chu ban.</subfield>
	  </datafield>
	  <datafield tag="260" ind1=" " ind2=" ">
		<subfield code="6">880-04</subfield>
		<subfield code="a">Zhonghua min guo Taiwan Taibei Shi :</subfield>
		<subfield code="b">Zheng zhong shu ju ;</subfield>
		<subfield code="a">Flushing, N.Y., U.S.A. (135-18 Northern Blvd., Flushing, N.Y. 11354) :</subfield>
		<subfield code="b">Meiguo zong jing xiao Hua qiang tu shu gong si,</subfield>
		<subfield code="c">1986.</subfield>
	  </datafield>
	  <datafield tag="300" ind1=" " ind2=" ">
		<subfield code="a">x, 6, 266 p., 20 p. of plates :</subfield>
		<subfield code="b">maps ;</subfield>
		<subfield code="c">22 cm.</subfield>
	  </datafield>
	  <datafield tag="440" ind1=" " ind2="0">
		<subfield code="6">880-05</subfield>
		<subfield code="a">Zhongguo guo ji fa ji guo ji shi wu cong shu</subfield>
	  </datafield>
	  <datafield tag="504" ind1=" " ind2=" ">
		<subfield code="a">Includes bibliographical references (p. 117-220) and indexes.</subfield>
	  </datafield>
	  <datafield tag="530" ind1=" " ind2=" ">
		<subfield code="a">Also issued online.</subfield>
	  </datafield>
	  <datafield tag="650" ind1=" " ind2="0">
		<subfield code="a">Territorial waters</subfield>
		<subfield code="z">Senkaku Islands.</subfield>
	  </datafield>
	  <datafield tag="650" ind1=" " ind2="0">
		<subfield code="a">Territorial waters</subfield>
		<subfield code="z">East China Sea Region.</subfield>
	  </datafield>
	  <datafield tag="650" ind1=" " ind2="0">
		<subfield code="a">Petroleum in submerged lands</subfield>
		<subfield code="z">East China Sea Region.</subfield>
	  </datafield>
	  <datafield tag="776" ind1="0" ind2="8">
		<subfield code="i">Online version:</subfield>
		<subfield code="a">Ma, Yingjiu.</subfield>
		<subfield code="t">Cong xin Hai yang fa lun Diaoyutai lie yu yu Donghai hua jie wen ti.</subfield>
		<subfield code="b">Tai chu ban.</subfield>
		<subfield code="d">Zhonghua min guo Taiwan Taibei Shi : Zheng zhong shu ju ; Flushing, N.Y., U.S.A. (135-18 Northern Blvd., Flushing, N.Y. 11354) : Meiguo zong jing xiao Hua qiang tu shu gong si, 1986</subfield>
		<subfield code="w">(OCoLC)567992486</subfield>
	  </datafield>
	  <datafield tag="987" ind1=" " ind2=" ">
		<subfield code="a">PINYIN</subfield>
		<subfield code="b">OCoLC</subfield>
		<subfield code="c">20010618</subfield>
		<subfield code="d">r</subfield>
		<subfield code="e">06.12.2001</subfield>
		<subfield code="f">245-c /</subfield>
	  </datafield>
	  <datafield tag="035" ind1=" " ind2=" ">
		<subfield code="a">(OCoLC)ocm15400762</subfield>
	  </datafield>
	  <datafield tag="035" ind1=" " ind2=" ">
		<subfield code="a">(OCoLC)15400762</subfield>
	  </datafield>
	  <datafield tag="035" ind1=" " ind2=" ">
		<subfield code="a">(OCoLC)ocm15400762</subfield>
	  </datafield>
	  <datafield tag="035" ind1=" " ind2=" ">
		<subfield code="a">(InU)ACK9129BB</subfield>
	  </datafield>
	  <datafield tag="591" ind1=" " ind2=" ">
		<subfield code="a"></subfield>
	  </datafield>
	  <datafield tag="596" ind1=" " ind2=" ">
		<subfield code="a">5</subfield>
	  </datafield>
	  <datafield tag="999" ind1=" " ind2=" ">
		<subfield code="a">JX4131 .M23 1986</subfield>
		<subfield code="w">LC</subfield>
		<subfield code="c">1</subfield>
		<subfield code="i">30000107001665</subfield>
		<subfield code="d">8/4/1996</subfield>
		<subfield code="l">_ALF</subfield>
		<subfield code="m">B-ALF</subfield>
		<subfield code="n">1</subfield>
		<subfield code="q">1</subfield>
		<subfield code="r">Y</subfield>
		<subfield code="s">Y</subfield>
		<subfield code="t">NORMAL</subfield>
		<subfield code="u">11/5/2000</subfield>
		<subfield code="x">EASTASIAN</subfield>
	  </datafield>
	</record>