
	<record>
	  <leader>01375cam a2200349 a 45 0</leader>
	  <controlfield tag="001">a252576</controlfield>
	  <controlfield tag="003">InU</controlfield>
	  <controlfield tag="008">900926s1991    nyu      b    00110 eng  </controlfield>
	  <datafield tag="010" ind1=" " ind2=" ">
		<subfield code="a">   90019402</subfield>
	  </datafield>
	  <datafield tag="020" ind1=" " ind2=" ">
		<subfield code="a">0820414379</subfield>
	  </datafield>
	  <datafield tag="035" ind1=" " ind2=" ">
		<subfield code="a">(InU)ACK9624BB</subfield>
	  </datafield>
	  <datafield tag="035" ind1=" " ind2=" ">
		<subfield code="a">(OCoLC)ocm22510284</subfield>
	  </datafield>
	  <datafield tag="040" ind1=" " ind2=" ">
		<subfield code="a">DLC</subfield>
		<subfield code="c">DLC</subfield>
		<subfield code="d">IUL</subfield>
	  </datafield>
	  <datafield tag="043" ind1=" " ind2=" ">
		<subfield code="a">e-uk-en</subfield>
	  </datafield>
	  <datafield tag="049" ind1=" " ind2=" ">
		<subfield code="a">IULA</subfield>
	  </datafield>
	  <datafield tag="050" ind1=" " ind2="4">
		<subfield code="a">PR4359</subfield>
		<subfield code="b">.B53 1991</subfield>
	  </datafield>
	  <datafield tag="082" ind1="0" ind2="0">
		<subfield code="a">821/.7</subfield>
		<subfield code="2">20</subfield>
	  </datafield>
	  <datafield tag="100" ind1="1" ind2="0">
		<subfield code="a">Blann, Robinson,</subfield>
		<subfield code="d">1948-</subfield>
	  </datafield>
	  <datafield tag="245" ind1="1" ind2="0">
		<subfield code="a">Throwing the scabbard away :</subfield>
		<subfield code="b">Byron's battle against the censors of Don Juan /</subfield>
		<subfield code="c">Robinson Blann.</subfield>
	  </datafield>
	  <datafield tag="260" ind1="0" ind2=" ">
		<subfield code="a">New York :</subfield>
		<subfield code="b">P. Lang,</subfield>
		<subfield code="c">c1991.</subfield>
	  </datafield>
	  <datafield tag="300" ind1=" " ind2=" ">
		<subfield code="a">viii, 175 p. ;</subfield>
		<subfield code="c">24 cm.</subfield>
	  </datafield>
	  <datafield tag="440" ind1=" " ind2="0">
		<subfield code="a">American university studies.</subfield>
		<subfield code="n">Series IV,</subfield>
		<subfield code="p">English language and literature,</subfield>
		<subfield code="x">0741-0700 ;</subfield>
		<subfield code="v">vol. 126</subfield>
	  </datafield>
	  <datafield tag="504" ind1=" " ind2=" ">
		<subfield code="a">Includes bibliographical references (p. [159]-164) and index.</subfield>
	  </datafield>
	  <datafield tag="600" ind1="1" ind2="0">
		<subfield code="a">Byron, George Gordon Byron,</subfield>
		<subfield code="c">Baron,</subfield>
		<subfield code="d">1788-1824.</subfield>
		<subfield code="t">Don Juan.</subfield>
	  </datafield>
	  <datafield tag="600" ind1="1" ind2="0">
		<subfield code="a">Byron, George Gordon Byron,</subfield>
		<subfield code="c">Baron,</subfield>
		<subfield code="d">1788-1824</subfield>
		<subfield code="x">Censorship.</subfield>
	  </datafield>
	  <datafield tag="600" ind1="1" ind2="0">
		<subfield code="a">Byron, George Gordon Byron,</subfield>
		<subfield code="c">Baron,</subfield>
		<subfield code="d">1788-1824.</subfield>
	  </datafield>
	  <datafield tag="650" ind1=" " ind2="0">
		<subfield code="a">Literature publishing</subfield>
		<subfield code="z">England</subfield>
		<subfield code="x">History</subfield>
		<subfield code="y">19th century.</subfield>
	  </datafield>
	  <datafield tag="650" ind1=" " ind2="0">
		<subfield code="a">Censorship</subfield>
		<subfield code="z">England</subfield>
		<subfield code="x">History</subfield>
		<subfield code="y">19th century.</subfield>
	  </datafield>
	  <datafield tag="650" ind1=" " ind2="0">
		<subfield code="a">Don Juan (Legendary character)</subfield>
	  </datafield>
	  <datafield tag="998" ind1=" " ind2=" ">
		<subfield code="a">4/2/1992</subfield>
		<subfield code="b">12/3/1998</subfield>
		<subfield code="c">4/2/1992</subfield>
	  </datafield>
	  <datafield tag="596" ind1=" " ind2=" ">
		<subfield code="a">1</subfield>
	  </datafield>
	  <datafield tag="999" ind1=" " ind2=" ">
		<subfield code="a">PR4359 .B53 1991</subfield>
		<subfield code="w">LC</subfield>
		<subfield code="c">1</subfield>
		<subfield code="i">30000027193410</subfield>
		<subfield code="d">5/23/2000</subfield>
		<subfield code="l">_RCSTACKS</subfield>
		<subfield code="m">B-WELLS</subfield>
		<subfield code="n">3</subfield>
		<subfield code="q">1</subfield>
		<subfield code="r">Y</subfield>
		<subfield code="s">Y</subfield>
		<subfield code="t">NORMAL</subfield>
		<subfield code="u">11/5/2000</subfield>
	  </datafield>
	</record>