
	<record>
	  <leader>01165ccm a2200325u  45 0</leader>
	  <controlfield tag="001">a252583</controlfield>
	  <controlfield tag="003">InU</controlfield>
	  <controlfield tag="008">911113s1902    mausuz         n    N/A d</controlfield>
	  <datafield tag="019" ind1=" " ind2=" ">
		<subfield code="a">01246392</subfield>
		<subfield code="a">01477258</subfield>
		<subfield code="a">05243792</subfield>
		<subfield code="a">21513080</subfield>
	  </datafield>
	  <datafield tag="028" ind1="3" ind2="0">
		<subfield code="b">A.P. Schmidt</subfield>
		<subfield code="a">75</subfield>
	  </datafield>
	  <datafield tag="028" ind1="2" ind2="0">
		<subfield code="b">A.P. Schmidt</subfield>
		<subfield code="a">A.P.S.5862-32</subfield>
	  </datafield>
	  <datafield tag="035" ind1=" " ind2=" ">
		<subfield code="a">(InU)ACK9636BM</subfield>
	  </datafield>
	  <datafield tag="035" ind1=" " ind2=" ">
		<subfield code="a">(OCoLC)ocm25033981</subfield>
	  </datafield>
	  <datafield tag="040" ind1=" " ind2=" ">
		<subfield code="a">HMU</subfield>
		<subfield code="c">HMU</subfield>
		<subfield code="d">JRK</subfield>
		<subfield code="d">FDA</subfield>
	  </datafield>
	  <datafield tag="045" ind1="2" ind2=" ">
		<subfield code="b">d1901</subfield>
		<subfield code="b">d1902</subfield>
	  </datafield>
	  <datafield tag="048" ind1=" " ind2=" ">
		<subfield code="a">ka01</subfield>
	  </datafield>
	  <datafield tag="049" ind1=" " ind2=" ">
		<subfield code="a">IULA</subfield>
	  </datafield>
	  <datafield tag="090" ind1=" " ind2=" ">
		<subfield code="a">M24.M3</subfield>
		<subfield code="b">N4 1902</subfield>
	  </datafield>
	  <datafield tag="100" ind1="1" ind2=" ">
		<subfield code="a">MacDowell, Edward,</subfield>
		<subfield code="d">1860-1908.</subfield>
	  </datafield>
	  <datafield tag="245" ind1="1" ind2="0">
		<subfield code="a">New England idyls;</subfield>
		<subfield code="b">composed for the pianoforte.</subfield>
	  </datafield>
	  <datafield tag="260" ind1=" " ind2=" ">
		<subfield code="a">Boston,</subfield>
		<subfield code="b">A.P. Schmidt,</subfield>
		<subfield code="c">c1902.</subfield>
	  </datafield>
	  <datafield tag="300" ind1=" " ind2=" ">
		<subfield code="a">Score (34 p.)</subfield>
		<subfield code="c">32 cm.</subfield>
	  </datafield>
	  <datafield tag="490" ind1="0" ind2=" ">
		<subfield code="a">Edition Schmidt,</subfield>
		<subfield code="v">75</subfield>
	  </datafield>
	  <datafield tag="505" ind1="0" ind2=" ">
		<subfield code="a">An old garden.--Mid-summer.--Mid-winter.--With sweet lavender.--In deep woods.--Indian idyl.--To an old white pine.--From Puritan days.--From a log cabin.--The joy of autumn.</subfield>
	  </datafield>
	  <datafield tag="500" ind1=" " ind2=" ">
		<subfield code="a">Pl. no. A.P.S.5862-32.</subfield>
	  </datafield>
	  <datafield tag="650" ind1=" " ind2="0">
		<subfield code="a">Suites (Piano)</subfield>
	  </datafield>
	  <datafield tag="650" ind1=" " ind2="0">
		<subfield code="a">Piano music.</subfield>
	  </datafield>
	  <datafield tag="998" ind1=" " ind2=" ">
		<subfield code="a">4/2/1992</subfield>
		<subfield code="b">1/3/1995</subfield>
		<subfield code="c">4/2/1992</subfield>
	  </datafield>
	  <datafield tag="596" ind1=" " ind2=" ">
		<subfield code="a">20</subfield>
	  </datafield>
	  <datafield tag="999" ind1=" " ind2=" ">
		<subfield code="a">M25 .M138 op.62</subfield>
		<subfield code="w">LC</subfield>
		<subfield code="c">1</subfield>
		<subfield code="i">30000008744967</subfield>
		<subfield code="d">10/2/2007</subfield>
		<subfield code="e">10/12/2004</subfield>
		<subfield code="l">STACKS</subfield>
		<subfield code="m">B-MUSIC</subfield>
		<subfield code="n">6</subfield>
		<subfield code="q">8</subfield>
		<subfield code="r">Y</subfield>
		<subfield code="s">Y</subfield>
		<subfield code="t">NORMAL</subfield>
		<subfield code="u">11/5/2000</subfield>
	  </datafield>
	</record>