
	<record>
	  <leader>01997cam a2200397 a 45 0</leader>
	  <controlfield tag="001">a252608</controlfield>
	  <controlfield tag="003">InU</controlfield>
	  <controlfield tag="008">911010s1991    gw       b    00010 ger c</controlfield>
	  <datafield tag="010" ind1=" " ind2=" ">
		<subfield code="a">   91204139</subfield>
	  </datafield>
	  <datafield tag="020" ind1=" " ind2=" ">
		<subfield code="a">3631439644</subfield>
	  </datafield>
	  <datafield tag="035" ind1=" " ind2=" ">
		<subfield code="a">(InU)ACK9684BB</subfield>
	  </datafield>
	  <datafield tag="035" ind1=" " ind2=" ">
		<subfield code="a">(OCoLC)ocm24626463</subfield>
	  </datafield>
	  <datafield tag="040" ind1=" " ind2=" ">
		<subfield code="a">MiU</subfield>
		<subfield code="c">EYM</subfield>
		<subfield code="d">IUL</subfield>
	  </datafield>
	  <datafield tag="043" ind1=" " ind2=" ">
		<subfield code="a">e-gx---</subfield>
	  </datafield>
	  <datafield tag="049" ind1=" " ind2=" ">
		<subfield code="a">IULA</subfield>
	  </datafield>
	  <datafield tag="050" ind1="1" ind2="4">
		<subfield code="a">DS146.G4</subfield>
		<subfield code="b">S77 1991</subfield>
	  </datafield>
	  <datafield tag="100" ind1="2" ind2="0">
		<subfield code="a">Ströle-Bühler, Heike,</subfield>
		<subfield code="d">1963-</subfield>
	  </datafield>
	  <datafield tag="245" ind1="1" ind2="0">
		<subfield code="a">Studentischer Antisemitismus in der Weimarer Republik :</subfield>
		<subfield code="b">eine Analyse der Burschenschaftlichen Blätter 1918 bis 1933 /</subfield>
		<subfield code="c">Heike Ströle-Bühler.</subfield>
	  </datafield>
	  <datafield tag="260" ind1="0" ind2=" ">
		<subfield code="a">Frankfurt am Main ;</subfield>
		<subfield code="a">New York :</subfield>
		<subfield code="b">Peter Lang,</subfield>
		<subfield code="c">c1991.</subfield>
	  </datafield>
	  <datafield tag="300" ind1=" " ind2=" ">
		<subfield code="a">197 p. ;</subfield>
		<subfield code="c">21 cm.</subfield>
	  </datafield>
	  <datafield tag="490" ind1="1" ind2=" ">
		<subfield code="a">Europäische Hochschulschriften. Reihe III, Geschichte und ihre Hilfswissenschaften,</subfield>
		<subfield code="x">0531-7320 ;</subfield>
		<subfield code="v">Bd. 486 =</subfield>
		<subfield code="a">Publications universitaires européennes. Série III, Histoire, sciences auxiliaires de l'histoire ;</subfield>
		<subfield code="v">vol. 486 =</subfield>
		<subfield code="a">European university studies. Series III, History and allied studies ;</subfield>
		<subfield code="v">vol. 486</subfield>
	  </datafield>
	  <datafield tag="504" ind1=" " ind2=" ">
		<subfield code="a">Includes bibliographical references (p. 177-197).</subfield>
	  </datafield>
	  <datafield tag="650" ind1=" " ind2="0">
		<subfield code="a">Antisemitism</subfield>
		<subfield code="z">Germany</subfield>
		<subfield code="x">History</subfield>
		<subfield code="y">20th century.</subfield>
	  </datafield>
	  <datafield tag="650" ind1=" " ind2="0">
		<subfield code="a">College students</subfield>
		<subfield code="x">Germany</subfield>
		<subfield code="x">Attitudes</subfield>
		<subfield code="x">History</subfield>
		<subfield code="y">20th century.</subfield>
	  </datafield>
	  <datafield tag="650" ind1=" " ind2="0">
		<subfield code="a">College students</subfield>
		<subfield code="x">Germany</subfield>
		<subfield code="x">Political activity</subfield>
		<subfield code="x">History</subfield>
		<subfield code="y">20th century.</subfield>
	  </datafield>
	  <datafield tag="650" ind1=" " ind2="0">
		<subfield code="a">Jewish college students</subfield>
		<subfield code="z">Germany</subfield>
		<subfield code="x">History</subfield>
		<subfield code="y">20th century.</subfield>
	  </datafield>
	  <datafield tag="610" ind1="2" ind2="0">
		<subfield code="a">Deutsche Burschenschaft</subfield>
		<subfield code="x">History</subfield>
		<subfield code="y">20th century.</subfield>
	  </datafield>
	  <datafield tag="630" ind1="0" ind2="0">
		<subfield code="a">Burschenschaftliche Blätter.</subfield>
	  </datafield>
	  <datafield tag="650" ind1=" " ind2="0">
		<subfield code="a">College students</subfield>
		<subfield code="z">Germany</subfield>
		<subfield code="x">Societies, etc.</subfield>
		<subfield code="x">History</subfield>
		<subfield code="y">20th century.</subfield>
	  </datafield>
	  <datafield tag="651" ind1=" " ind2="0">
		<subfield code="a">Germany</subfield>
		<subfield code="x">Intellectual life</subfield>
		<subfield code="y">20th century.</subfield>
	  </datafield>
	  <datafield tag="651" ind1=" " ind2="0">
		<subfield code="a">Germany</subfield>
		<subfield code="x">Politics and government</subfield>
		<subfield code="y">1918-1933.</subfield>
	  </datafield>
	  <datafield tag="651" ind1=" " ind2="0">
		<subfield code="a">Germany</subfield>
		<subfield code="x">Ethnic relations.</subfield>
	  </datafield>
	  <datafield tag="830" ind1=" " ind2="0">
		<subfield code="a">Europäische Hochschulschriften.</subfield>
		<subfield code="n">Reihe III,</subfield>
		<subfield code="p">Geschichte und ihre Hilfswissenschaften ;</subfield>
		<subfield code="v">Bd. 486.</subfield>
	  </datafield>
	  <datafield tag="998" ind1=" " ind2=" ">
		<subfield code="a">4/2/1992</subfield>
		<subfield code="b">9/24/1992</subfield>
		<subfield code="c">4/2/1992</subfield>
	  </datafield>
	  <datafield tag="596" ind1=" " ind2=" ">
		<subfield code="a">1</subfield>
	  </datafield>
	  <datafield tag="999" ind1=" " ind2=" ">
		<subfield code="a">DS146.G4 S77 1991</subfield>
		<subfield code="w">LC</subfield>
		<subfield code="c">1</subfield>
		<subfield code="i">30000029423641</subfield>
		<subfield code="d">5/2/2002</subfield>
		<subfield code="e">2/6/2002</subfield>
		<subfield code="l">_RCSTACKS</subfield>
		<subfield code="m">B-WELLS</subfield>
		<subfield code="n">2</subfield>
		<subfield code="r">Y</subfield>
		<subfield code="s">Y</subfield>
		<subfield code="t">NORMAL</subfield>
		<subfield code="u">11/5/2000</subfield>
	  </datafield>
	</record>