
	<record>
	  <leader>01261cam a2200409 I 4500</leader>
	  <controlfield tag="001">a252626</controlfield>
	  <controlfield tag="003">InU</controlfield>
	  <controlfield tag="008">920107s1990    ua            000 f arard</controlfield>
	  <datafield tag="010" ind1=" " ind2=" ">
		<subfield code="a">   91960085</subfield>
	  </datafield>
	  <datafield tag="035" ind1=" " ind2=" ">
		<subfield code="a">(OCoLC)ocm25058524</subfield>
	  </datafield>
	  <datafield tag="035" ind1=" " ind2=" ">
		<subfield code="a">(OCoLC)25058524</subfield>
	  </datafield>
	  <datafield tag="040" ind1=" " ind2=" ">
		<subfield code="a">AZU</subfield>
		<subfield code="c">AZU</subfield>
		<subfield code="d">DLC</subfield>
		<subfield code="d">CUY</subfield>
		<subfield code="d">IUL</subfield>
	  </datafield>
	  <datafield tag="049" ind1=" " ind2=" ">
		<subfield code="a">IULA</subfield>
	  </datafield>
	  <datafield tag="050" ind1=" " ind2="4">
		<subfield code="a">PJ7838.B6795</subfield>
		<subfield code="b">A62 1990</subfield>
	  </datafield>
	  <datafield tag="090" ind1=" " ind2=" ">
		<subfield code="a">049  IULA</subfield>
	  </datafield>
	  <datafield tag="100" ind1="1" ind2=" ">
		<subfield code="6">880-01</subfield>
		<subfield code="a">Ibrāhīm, Jamīl ʻAṭīyah.</subfield>
	  </datafield>
	  <datafield tag="245" ind1="1" ind2="0">
		<subfield code="6">880-02</subfield>
		<subfield code="a">1952 /</subfield>
		<subfield code="c">bi-qalam Jamīl ʻAṭīyah Ibrāhīm.</subfield>
	  </datafield>
	  <datafield tag="250" ind1=" " ind2=" ">
		<subfield code="6">880-03</subfield>
		<subfield code="a">al-Ṭabʻah 1.</subfield>
	  </datafield>
	  <datafield tag="260" ind1=" " ind2=" ">
		<subfield code="6">880-04</subfield>
		<subfield code="a">al-Qāhirah :</subfield>
		<subfield code="b">Dār al-Hilāl,</subfield>
		<subfield code="c">1990</subfield>
	  </datafield>
	  <datafield tag="300" ind1=" " ind2=" ">
		<subfield code="a">263 p. ;</subfield>
		<subfield code="c">20 cm.</subfield>
	  </datafield>
	  <datafield tag="490" ind1="1" ind2=" ">
		<subfield code="6">880-05</subfield>
		<subfield code="a">Riwāyat al-Hilāl ;</subfield>
		<subfield code="v">al-ʻadad 499</subfield>
	  </datafield>
	  <datafield tag="500" ind1=" " ind2=" ">
		<subfield code="a">Novel.</subfield>
	  </datafield>
	  <datafield tag="776" ind1="0" ind2="8">
		<subfield code="i">Online version:</subfield>
		<subfield code="a">Ibrāhīm, Jamīl ʻAṭīyah.</subfield>
		<subfield code="t">1952.</subfield>
		<subfield code="b">al-Ṭabʻah 1.</subfield>
		<subfield code="d">al-Qāhirah : Dār al-Hilāl, 1990</subfield>
		<subfield code="w">(OCoLC)551299009</subfield>
	  </datafield>
	  <datafield tag="830" ind1=" " ind2="0">
		<subfield code="6">880-06</subfield>
		<subfield code="a">Riwāyāt al-Hilāl ;</subfield>
		<subfield code="v">al-ʻadad 499.</subfield>
	  </datafield>
	  <datafield tag="035" ind1=" " ind2=" ">
		<subfield code="a">(OCoLC)ocm25058524</subfield>
	  </datafield>
	  <datafield tag="035" ind1=" " ind2=" ">
		<subfield code="a">(OCoLC)25058524</subfield>
	  </datafield>
	  <datafield tag="035" ind1=" " ind2=" ">
		<subfield code="a">(OCoLC)ocm25058524</subfield>
	  </datafield>
	  <datafield tag="035" ind1=" " ind2=" ">
		<subfield code="a">(InU)ACK9708BB</subfield>
	  </datafield>
	  <datafield tag="591" ind1=" " ind2=" ">
		<subfield code="a"></subfield>
	  </datafield>
	  <datafield tag="596" ind1=" " ind2=" ">
		<subfield code="a">1</subfield>
	  </datafield>
	  <datafield tag="999" ind1=" " ind2=" ">
		<subfield code="a">PJ7838.B6795 A63 1990</subfield>
		<subfield code="w">LC</subfield>
		<subfield code="c">1</subfield>
		<subfield code="i">30000027135338</subfield>
		<subfield code="d">7/27/1992</subfield>
		<subfield code="l">_RCSTACKS</subfield>
		<subfield code="m">B-WELLS</subfield>
		<subfield code="q">1</subfield>
		<subfield code="r">Y</subfield>
		<subfield code="s">Y</subfield>
		<subfield code="t">NORMAL</subfield>
		<subfield code="u">11/5/2000</subfield>
	  </datafield>
	</record>