
	<record>
	  <leader>02383ccm a2200445 a 45 0</leader>
	  <controlfield tag="001">a254031</controlfield>
	  <controlfield tag="003">InU</controlfield>
	  <controlfield tag="008">920406s1963    gw mua         n    N/A d</controlfield>
	  <datafield tag="028" ind1="2" ind2="2">
		<subfield code="a">Wb. 461</subfield>
		<subfield code="b">Breitkopf &amp; Härtel</subfield>
	  </datafield>
	  <datafield tag="035" ind1=" " ind2=" ">
		<subfield code="a">(InU)ACL2181BM</subfield>
	  </datafield>
	  <datafield tag="035" ind1=" " ind2=" ">
		<subfield code="a">(OCoLC)ocm25599750</subfield>
	  </datafield>
	  <datafield tag="040" ind1=" " ind2=" ">
		<subfield code="a">IUG</subfield>
		<subfield code="c">IUG</subfield>
	  </datafield>
	  <datafield tag="041" ind1="0" ind2=" ">
		<subfield code="g">ger</subfield>
	  </datafield>
	  <datafield tag="047" ind1=" " ind2=" ">
		<subfield code="a">cn</subfield>
		<subfield code="a">pr</subfield>
		<subfield code="a">fg</subfield>
		<subfield code="a">mi</subfield>
	  </datafield>
	  <datafield tag="048" ind1=" " ind2=" ">
		<subfield code="a">sb01</subfield>
		<subfield code="a">sc01</subfield>
	  </datafield>
	  <datafield tag="048" ind1=" " ind2=" ">
		<subfield code="a">sa02</subfield>
	  </datafield>
	  <datafield tag="048" ind1=" " ind2=" ">
		<subfield code="a">sa02</subfield>
		<subfield code="a">sc01</subfield>
	  </datafield>
	  <datafield tag="048" ind1=" " ind2=" ">
		<subfield code="a">sa02</subfield>
		<subfield code="a">sb01</subfield>
		<subfield code="a">sc01</subfield>
	  </datafield>
	  <datafield tag="048" ind1=" " ind2=" ">
		<subfield code="a">sa02</subfield>
		<subfield code="a">sb02</subfield>
		<subfield code="a">sc01</subfield>
	  </datafield>
	  <datafield tag="049" ind1=" " ind2=" ">
		<subfield code="a">IUGA</subfield>
	  </datafield>
	  <datafield tag="090" ind1=" " ind2=" ">
		<subfield code="a">M3</subfield>
		<subfield code="b">.B4 Suppl. v. 6</subfield>
	  </datafield>
	  <datafield tag="100" ind1="1" ind2="0">
		<subfield code="a">Beethoven, Ludwig van,</subfield>
		<subfield code="d">1770-1827.</subfield>
	  </datafield>
	  <datafield tag="240" ind1="1" ind2="0">
		<subfield code="a">Chamber music.</subfield>
		<subfield code="k">Selections</subfield>
	  </datafield>
	  <datafield tag="245" ind1="1" ind2="0">
		<subfield code="a">Kammermusik für Streichinstrumente /</subfield>
		<subfield code="c">herausgegeben von Willy Hess.</subfield>
	  </datafield>
	  <datafield tag="260" ind1="0" ind2=" ">
		<subfield code="a">Wiesbaden :</subfield>
		<subfield code="b">Breitkopf &amp; Härtel,</subfield>
		<subfield code="c">1963.</subfield>
	  </datafield>
	  <datafield tag="300" ind1=" " ind2=" ">
		<subfield code="a">1 score (157 p.) ;</subfield>
		<subfield code="c">33 cm.</subfield>
	  </datafield>
	  <datafield tag="490" ind1="1" ind2=" ">
		<subfield code="a">Supplemente zur Gesamtausgabe / Beethoven ;</subfield>
		<subfield code="v">6</subfield>
	  </datafield>
	  <datafield tag="500" ind1=" " ind2=" ">
		<subfield code="a">Vorwort in German by Willy Hess--P. 5-6.</subfield>
	  </datafield>
	  <datafield tag="500" ind1=" " ind2=" ">
		<subfield code="a">Revisionsbericht in German--P. 151-157.</subfield>
	  </datafield>
	  <datafield tag="505" ind1="0" ind2=" ">
		<subfield code="a">Duett mit zwei obligaten Augengläsern für Viola und Violoncello in Es-Dur -- Allegro in A-Dur für zwei Violinen -- Zweistimmiger Kanon (vermutlich für zwei Violinen) in A-Dur -- Streichtrio op. 3: erste Fassung des Finales -- Praeludium und Fuge in e-Moll für zwei Violinen und Violoncello -- Sechs Menuette für zwei Violinen und Bass (Violoncello) -- Zweites Trio zum Scherzo des Streichtrios op. 9 Nr. 1 in G-Dur -- Menuett in As-Dur für Streichquartett -- Schluss eines Praeludiums in d-Moll für Streichquartett -- Praeludium und Fuge in F-Dur für Streichquartett -- Praeludium und Fuge in C-Dur für Streichquartett -- Streichquartett op. 18 Nr. 1, erste Fassung -- Streichquartett in F-Dur nach der Klaviersonate op. 14 Nr. 1 -- Streichquintett nach der b-Moll Fuge aus Bachs Wohltemperiertem Klavier I -- Streichquintettsatz in d-Moll.</subfield>
	  </datafield>
	  <datafield tag="650" ind1=" " ind2="0">
		<subfield code="a">Viola and violoncello music</subfield>
		<subfield code="x">Scores.</subfield>
	  </datafield>
	  <datafield tag="650" ind1=" " ind2="0">
		<subfield code="a">Violin music (Violins (2))</subfield>
		<subfield code="x">Scores.</subfield>
	  </datafield>
	  <datafield tag="650" ind1=" " ind2="0">
		<subfield code="a">String trios</subfield>
		<subfield code="v">Scores.</subfield>
	  </datafield>
	  <datafield tag="650" ind1=" " ind2="0">
		<subfield code="a">String quartets</subfield>
		<subfield code="x">Scores.</subfield>
	  </datafield>
	  <datafield tag="650" ind1=" " ind2="0">
		<subfield code="a">String quintets</subfield>
		<subfield code="x">Scores.</subfield>
	  </datafield>
	  <datafield tag="700" ind1="1" ind2="0">
		<subfield code="a">Hess, Willy,</subfield>
		<subfield code="d">1906-1997</subfield>
	  </datafield>
	  <datafield tag="800" ind1="1" ind2=" ">
		<subfield code="a">Beethoven, Ludwig van,</subfield>
		<subfield code="d">1770-1827.</subfield>
		<subfield code="t">Works.</subfield>
		<subfield code="f">1864.</subfield>
		<subfield code="p">Supplement ;</subfield>
		<subfield code="v">6.</subfield>
	  </datafield>
	  <datafield tag="998" ind1=" " ind2=" ">
		<subfield code="a">4/6/1992</subfield>
		<subfield code="b">4/6/1992</subfield>
		<subfield code="c">4/6/1992</subfield>
	  </datafield>
	  <datafield tag="596" ind1=" " ind2=" ">
		<subfield code="a">20</subfield>
	  </datafield>
	  <datafield tag="999" ind1=" " ind2=" ">
		<subfield code="a">M3 .B4 Suppl. v. 6</subfield>
		<subfield code="w">LC</subfield>
		<subfield code="c">1</subfield>
		<subfield code="i">254031-2001</subfield>
		<subfield code="l">_MUM2M3</subfield>
		<subfield code="m">B-MUSIC</subfield>
		<subfield code="r">Y</subfield>
		<subfield code="s">Y</subfield>
		<subfield code="t">_M2M3</subfield>
		<subfield code="u">11/5/2000</subfield>
		<subfield code="o">.STAFF.  um=FOR CIRCULATION STATUS TYPE K=ABM1901</subfield>
	  </datafield>
	</record>