
	<record>
	  <leader>00896cam a2200265 a 45 0</leader>
	  <controlfield tag="001">a254177</controlfield>
	  <controlfield tag="003">InU</controlfield>
	  <controlfield tag="008">890825c19881986pl            00010apol d</controlfield>
	  <datafield tag="035" ind1=" " ind2=" ">
		<subfield code="a">(InU)ACL2405BB</subfield>
	  </datafield>
	  <datafield tag="035" ind1=" " ind2=" ">
		<subfield code="a">(OCoLC)ocm20257918</subfield>
	  </datafield>
	  <datafield tag="040" ind1=" " ind2=" ">
		<subfield code="a">UIU</subfield>
		<subfield code="c">UIU</subfield>
		<subfield code="d">IUL</subfield>
	  </datafield>
	  <datafield tag="049" ind1=" " ind2=" ">
		<subfield code="a">IULA</subfield>
	  </datafield>
	  <datafield tag="100" ind1="1" ind2="0">
		<subfield code="a">Gombrowicz, Witold.</subfield>
	  </datafield>
	  <datafield tag="245" ind1="1" ind2="0">
		<subfield code="a">Dziennik /</subfield>
		<subfield code="c">Witold Gombrowicz.</subfield>
	  </datafield>
	  <datafield tag="250" ind1=" " ind2=" ">
		<subfield code="a">Wyd. 2.</subfield>
	  </datafield>
	  <datafield tag="260" ind1="0" ind2=" ">
		<subfield code="a">Kraków :</subfield>
		<subfield code="b">Wydawn. Literackie,</subfield>
		<subfield code="c">1988, c1986.</subfield>
	  </datafield>
	  <datafield tag="300" ind1=" " ind2=" ">
		<subfield code="a">3 v. ;</subfield>
		<subfield code="c">20 cm.</subfield>
	  </datafield>
	  <datafield tag="490" ind1="1" ind2=" ">
		<subfield code="a">Dzieła / Witold Gombrowicz ;</subfield>
		<subfield code="v">t. 7-9</subfield>
	  </datafield>
	  <datafield tag="505" ind1="0" ind2=" ">
		<subfield code="a">[1]. 1953-1956 -- [2]. 1957-1961 -- [3]. 1961-1966.</subfield>
	  </datafield>
	  <datafield tag="591" ind1=" " ind2=" ">
		<subfield code="a"></subfield>
	  </datafield>
	  <datafield tag="600" ind1="1" ind2="0">
		<subfield code="a">Gombrowicz, Witold</subfield>
		<subfield code="x">Diaries.</subfield>
	  </datafield>
	  <datafield tag="800" ind1="1" ind2=" ">
		<subfield code="a">Gombrowicz, Witold.</subfield>
		<subfield code="t">Works.</subfield>
		<subfield code="f">1986.</subfield>
		<subfield code="s">Wydawn. Literackie ;</subfield>
		<subfield code="v">t. 7-9</subfield>
	  </datafield>
	  <datafield tag="998" ind1=" " ind2=" ">
		<subfield code="a">4/7/1992</subfield>
		<subfield code="b">6/2/1992</subfield>
		<subfield code="c">4/7/1992</subfield>
	  </datafield>
	  <datafield tag="596" ind1=" " ind2=" ">
		<subfield code="a">1</subfield>
	  </datafield>
	  <datafield tag="999" ind1=" " ind2=" ">
		<subfield code="a">PG7158.G6692 A34 1988 v. 3</subfield>
		<subfield code="w">LC</subfield>
		<subfield code="c">1</subfield>
		<subfield code="i">30000000733422</subfield>
		<subfield code="d">12/21/2009</subfield>
		<subfield code="e">11/7/2009</subfield>
		<subfield code="l">_RCSTACKS</subfield>
		<subfield code="m">B-WELLS</subfield>
		<subfield code="n">1</subfield>
		<subfield code="r">Y</subfield>
		<subfield code="s">Y</subfield>
		<subfield code="t">NORMAL</subfield>
		<subfield code="u">11/5/2000</subfield>
	  </datafield>
	</record>