
	<record>
	  <leader>00986cam a2200289 a 45 0</leader>
	  <controlfield tag="001">a254841</controlfield>
	  <controlfield tag="003">InU</controlfield>
	  <controlfield tag="008">900725s1990    gw       b    00110 ger d</controlfield>
	  <datafield tag="020" ind1=" " ind2=" ">
		<subfield code="a">3499185504 (pbk.)</subfield>
	  </datafield>
	  <datafield tag="035" ind1=" " ind2=" ">
		<subfield code="a">(InU)ACL3524BB</subfield>
	  </datafield>
	  <datafield tag="035" ind1=" " ind2=" ">
		<subfield code="a">(OCoLC)ocm22143952</subfield>
	  </datafield>
	  <datafield tag="035" ind1=" " ind2=" ">
		<subfield code="a">(hol)ajm1565-2/wid/1</subfield>
	  </datafield>
	  <datafield tag="040" ind1=" " ind2=" ">
		<subfield code="a">HLS</subfield>
		<subfield code="c">HLS</subfield>
		<subfield code="d">IUL</subfield>
	  </datafield>
	  <datafield tag="049" ind1=" " ind2=" ">
		<subfield code="a">IULA</subfield>
	  </datafield>
	  <datafield tag="090" ind1=" " ind2=" ">
		<subfield code="a">PN774</subfield>
		<subfield code="b">.R29 1990x</subfield>
	  </datafield>
	  <datafield tag="100" ind1="1" ind2="0">
		<subfield code="a">Raddatz, Fritz Joachim.</subfield>
	  </datafield>
	  <datafield tag="245" ind1="1" ind2="0">
		<subfield code="a">Eros und Tod :</subfield>
		<subfield code="b">literarische Portraits /</subfield>
		<subfield code="c">Fritz J. Raddatz.</subfield>
	  </datafield>
	  <datafield tag="260" ind1="0" ind2=" ">
		<subfield code="a">Reinbeck bei Hamburg :</subfield>
		<subfield code="b">Rowohlt,</subfield>
		<subfield code="c">1990.</subfield>
	  </datafield>
	  <datafield tag="300" ind1=" " ind2=" ">
		<subfield code="a">419 p. ;</subfield>
		<subfield code="c">19 cm.</subfield>
	  </datafield>
	  <datafield tag="490" ind1="1" ind2=" ">
		<subfield code="a">Essays ;</subfield>
		<subfield code="v">2</subfield>
	  </datafield>
	  <datafield tag="490" ind1="0" ind2=" ">
		<subfield code="a">Rororo Sachbuch ;</subfield>
		<subfield code="v">8550</subfield>
	  </datafield>
	  <datafield tag="504" ind1=" " ind2=" ">
		<subfield code="a">Includes bibliographical references (p. 390-[408]) and index.</subfield>
	  </datafield>
	  <datafield tag="650" ind1=" " ind2="0">
		<subfield code="a">Literature, Modern</subfield>
		<subfield code="y">20th century</subfield>
		<subfield code="x">History and criticism.</subfield>
	  </datafield>
	  <datafield tag="800" ind1="1" ind2=" ">
		<subfield code="a">Raddatz, Fritz Joachim.</subfield>
		<subfield code="t">Essays ;</subfield>
		<subfield code="v">2.</subfield>
	  </datafield>
	  <datafield tag="998" ind1=" " ind2=" ">
		<subfield code="a">4/8/1992</subfield>
		<subfield code="b">5/14/1992</subfield>
		<subfield code="c">4/8/1992</subfield>
	  </datafield>
	  <datafield tag="596" ind1=" " ind2=" ">
		<subfield code="a">5</subfield>
	  </datafield>
	  <datafield tag="999" ind1=" " ind2=" ">
		<subfield code="a">PN774 .R29 1990</subfield>
		<subfield code="w">LC</subfield>
		<subfield code="c">1</subfield>
		<subfield code="i">30000099260725</subfield>
		<subfield code="d">6/15/1992</subfield>
		<subfield code="l">_ALF</subfield>
		<subfield code="m">B-ALF</subfield>
		<subfield code="n">1</subfield>
		<subfield code="r">Y</subfield>
		<subfield code="s">Y</subfield>
		<subfield code="t">NORMAL</subfield>
		<subfield code="u">11/5/2000</subfield>
	  </datafield>
	</record>