
	<record>
	  <leader>01544cjm a22003495a 45 0</leader>
	  <controlfield tag="001">a255333</controlfield>
	  <controlfield tag="003">InU</controlfield>
	  <controlfield tag="008">920511s1992    xx zzn              N/A d</controlfield>
	  <datafield tag="035" ind1=" " ind2=" ">
		<subfield code="a">(InU)ACL4349BM</subfield>
	  </datafield>
	  <datafield tag="035" ind1=" " ind2=" ">
		<subfield code="a">(OCoLC)ocm25793347</subfield>
	  </datafield>
	  <controlfield tag="007">st-osncmb-----</controlfield>
	  <datafield tag="040" ind1=" " ind2=" ">
		<subfield code="a">IUL</subfield>
		<subfield code="c">IUL</subfield>
	  </datafield>
	  <datafield tag="049" ind1=" " ind2=" ">
		<subfield code="a">IUL.</subfield>
	  </datafield>
	  <datafield tag="099" ind1=" " ind2=" ">
		<subfield code="a">TP-S</subfield>
		<subfield code="a">.W8473</subfield>
		<subfield code="a">92-4-6</subfield>
	  </datafield>
	  <datafield tag="100" ind1="1" ind2="0">
		<subfield code="a">Wojciechowski, Tomasz J.</subfield>
		<subfield code="4">prf</subfield>
	  </datafield>
	  <datafield tag="245" ind1="0" ind2="0">
		<subfield code="a">Graduate recital</subfield>
		<subfield code="h">[sound recording]</subfield>
	  </datafield>
	  <datafield tag="260" ind1="0" ind2=" ">
		<subfield code="c">1992.</subfield>
	  </datafield>
	  <datafield tag="300" ind1=" " ind2=" ">
		<subfield code="a">2 sound tape reels :</subfield>
		<subfield code="b">analog, 7 1/2 ips, 2 track, stereo. ;</subfield>
		<subfield code="c">7 in.</subfield>
	  </datafield>
	  <datafield tag="490" ind1="1" ind2=" ">
		<subfield code="a">Program / Indiana University School of Music ;</subfield>
		<subfield code="v">1991-1992, no. 682</subfield>
	  </datafield>
	  <datafield tag="511" ind1="0" ind2=" ">
		<subfield code="a">Tomasz J. Wojciechowski, cello ; Ignace Jang, Jennifer Lee, violins ; Peter Mascher, viola.</subfield>
	  </datafield>
	  <datafield tag="518" ind1=" " ind2=" ">
		<subfield code="a">Recorded on April 6, 1992.</subfield>
	  </datafield>
	  <datafield tag="500" ind1=" " ind2=" ">
		<subfield code="a">"Doctor of Music in Cello (S642)"</subfield>
	  </datafield>
	  <datafield tag="505" ind1="0" ind2=" ">
		<subfield code="a">[v. 1] String quartet in F major, op. 18, no. 1 / Ludwig van Beethoven (31:48) -- [v. 2] String quartet no. 2 in D major / Alexander Borodin (30:41).</subfield>
	  </datafield>
	  <datafield tag="650" ind1=" " ind2="0">
		<subfield code="a">String quartets.</subfield>
	  </datafield>
	  <datafield tag="700" ind1="1" ind2="0">
		<subfield code="a">Jang, Ignace.</subfield>
		<subfield code="4">prf</subfield>
	  </datafield>
	  <datafield tag="700" ind1="1" ind2="0">
		<subfield code="a">Lee, Jennifer Katharine.</subfield>
		<subfield code="4">prf</subfield>
	  </datafield>
	  <datafield tag="700" ind1="1" ind2="0">
		<subfield code="a">Mascher, Peter.</subfield>
		<subfield code="4">prf</subfield>
	  </datafield>
	  <datafield tag="810" ind1="2" ind2=" ">
		<subfield code="a">Indiana University, Bloomington.</subfield>
		<subfield code="b">School of Music.</subfield>
		<subfield code="t">Program ;</subfield>
		<subfield code="v">1991-1992, no. 682.</subfield>
	  </datafield>
	  <datafield tag="998" ind1=" " ind2=" ">
		<subfield code="a">4/8/1992</subfield>
		<subfield code="b">5/11/1992</subfield>
		<subfield code="c">4/8/1992</subfield>
	  </datafield>
	  <datafield tag="596" ind1=" " ind2=" ">
		<subfield code="a">20</subfield>
	  </datafield>
	  <datafield tag="999" ind1=" " ind2=" ">
		<subfield code="a">TP-S .W8473 92-4-6 v. 1</subfield>
		<subfield code="w">ASIS</subfield>
		<subfield code="c">1</subfield>
		<subfield code="i">30000026694756</subfield>
		<subfield code="d">1/11/1993</subfield>
		<subfield code="l">_MUIUTP</subfield>
		<subfield code="m">B-MUSIC</subfield>
		<subfield code="n">3</subfield>
		<subfield code="q">1</subfield>
		<subfield code="r">Y</subfield>
		<subfield code="s">Y</subfield>
		<subfield code="t">HOUR06</subfield>
		<subfield code="u">11/5/2000</subfield>
		<subfield code="x">IUPERF</subfield>
		<subfield code="z">REELTAPE</subfield>
	  </datafield>
	  <datafield tag="999" ind1=" " ind2=" ">
		<subfield code="a">TP-S .W8473 92-4-6 v. 2</subfield>
		<subfield code="w">ASIS</subfield>
		<subfield code="c">1</subfield>
		<subfield code="i">30000026694848</subfield>
		<subfield code="d">6/2/1997</subfield>
		<subfield code="l">_MUIUTP</subfield>
		<subfield code="m">B-MUSIC</subfield>
		<subfield code="n">4</subfield>
		<subfield code="q">1</subfield>
		<subfield code="r">Y</subfield>
		<subfield code="s">Y</subfield>
		<subfield code="t">HOUR06</subfield>
		<subfield code="u">11/5/2000</subfield>
		<subfield code="x">IUPERF</subfield>
		<subfield code="z">REELTAPE</subfield>
	  </datafield>
	</record>