
	<record>
	  <leader>01876cjm a22003735a 45 0</leader>
	  <controlfield tag="001">a255784</controlfield>
	  <controlfield tag="003">InU</controlfield>
	  <controlfield tag="008">920501s1992    xx mun              N/A d</controlfield>
	  <datafield tag="035" ind1=" " ind2=" ">
		<subfield code="a">(InU)ACL5141BM</subfield>
	  </datafield>
	  <datafield tag="035" ind1=" " ind2=" ">
		<subfield code="a">(OCoLC)ocm25745919</subfield>
	  </datafield>
	  <controlfield tag="007">st-osncmb-----</controlfield>
	  <datafield tag="040" ind1=" " ind2=" ">
		<subfield code="a">IUL</subfield>
		<subfield code="c">IUL</subfield>
	  </datafield>
	  <datafield tag="047" ind1=" " ind2=" ">
		<subfield code="a">vr</subfield>
		<subfield code="a">su</subfield>
	  </datafield>
	  <datafield tag="049" ind1=" " ind2=" ">
		<subfield code="a">IUL.</subfield>
	  </datafield>
	  <datafield tag="099" ind1=" " ind2=" ">
		<subfield code="a">TP-S</subfield>
		<subfield code="a">.I253</subfield>
		<subfield code="a">92-4-8</subfield>
	  </datafield>
	  <datafield tag="100" ind1="1" ind2="0">
		<subfield code="a">Ihlenfeld, David.</subfield>
		<subfield code="4">prf</subfield>
	  </datafield>
	  <datafield tag="245" ind1="0" ind2="0">
		<subfield code="a">Graduate recital</subfield>
		<subfield code="h">[sound recording]</subfield>
	  </datafield>
	  <datafield tag="260" ind1="0" ind2=" ">
		<subfield code="c">1992.</subfield>
	  </datafield>
	  <datafield tag="300" ind1=" " ind2=" ">
		<subfield code="a">2 sound tape reels :</subfield>
		<subfield code="b">analog, 7 1/2 ips, 2 track, stereo. ;</subfield>
		<subfield code="c">7 in.</subfield>
	  </datafield>
	  <datafield tag="490" ind1="1" ind2=" ">
		<subfield code="a">Program / Indiana University School of Music ;</subfield>
		<subfield code="v">1991-1992, no. 753</subfield>
	  </datafield>
	  <datafield tag="511" ind1="0" ind2=" ">
		<subfield code="a">David Ihlenfeld, tuba ; with assisting instrumentalists.</subfield>
	  </datafield>
	  <datafield tag="518" ind1=" " ind2=" ">
		<subfield code="a">Recorded on April 8, 1992.</subfield>
	  </datafield>
	  <datafield tag="500" ind1=" " ind2=" ">
		<subfield code="a">"Doctor of Music in Tuba (B602)"</subfield>
	  </datafield>
	  <datafield tag="505" ind1="0" ind2=" ">
		<subfield code="a">[v. 1] Variations on an aboriginal melody for solo tuba and woodwind quintet (1982) / James Curnow (14:00) -- Sextet for woodwind quintet and tuba (1979) / Manny Albam (8:30) -- [v. 2] Suite concertante (1961) / Armand Russell (12:36) -- "Dutch" suite in G major, (S.--16) / P.D.Q. Bach (7:15) -- Tubasonatina, CN 291 (1977) / Thom Ritter George (9:00).</subfield>
	  </datafield>
	  <datafield tag="650" ind1=" " ind2="0">
		<subfield code="a">Variations (Bassoon, clarinet, flute, horn, oboe, tuba)</subfield>
	  </datafield>
	  <datafield tag="650" ind1=" " ind2="0">
		<subfield code="a">Sextets (Bassoon, clarinet, flute, horn, oboe, tuba)</subfield>
	  </datafield>
	  <datafield tag="650" ind1=" " ind2="0">
		<subfield code="a">Suites (Bassoon, clarinet, flute, horn, oboe, tuba)</subfield>
	  </datafield>
	  <datafield tag="650" ind1=" " ind2="0">
		<subfield code="a">Suites (Bassoon and tuba)</subfield>
	  </datafield>
	  <datafield tag="650" ind1=" " ind2="0">
		<subfield code="a">Brass quartets (Euphoniums (2), tubas (2))</subfield>
	  </datafield>
	  <datafield tag="810" ind1="2" ind2=" ">
		<subfield code="a">Indiana University, Bloomington.</subfield>
		<subfield code="b">School of Music.</subfield>
		<subfield code="t">Program ;</subfield>
		<subfield code="v">1991-1992, no. 753.</subfield>
	  </datafield>
	  <datafield tag="998" ind1=" " ind2=" ">
		<subfield code="a">4/9/1992</subfield>
		<subfield code="b">5/1/1992</subfield>
		<subfield code="c">4/9/1992</subfield>
	  </datafield>
	  <datafield tag="596" ind1=" " ind2=" ">
		<subfield code="a">20</subfield>
	  </datafield>
	  <datafield tag="999" ind1=" " ind2=" ">
		<subfield code="a">TP-S .I253 92-4-8 v. 1</subfield>
		<subfield code="w">ASIS</subfield>
		<subfield code="c">1</subfield>
		<subfield code="i">30000026694905</subfield>
		<subfield code="d">2/2/1994</subfield>
		<subfield code="l">_MUIUTP</subfield>
		<subfield code="m">B-MUSIC</subfield>
		<subfield code="n">1</subfield>
		<subfield code="r">Y</subfield>
		<subfield code="s">Y</subfield>
		<subfield code="t">HOUR06</subfield>
		<subfield code="u">11/5/2000</subfield>
		<subfield code="x">IUPERF</subfield>
		<subfield code="z">REELTAPE</subfield>
	  </datafield>
	  <datafield tag="999" ind1=" " ind2=" ">
		<subfield code="a">TP-S .I253 92-4-8 v. 2</subfield>
		<subfield code="w">ASIS</subfield>
		<subfield code="c">1</subfield>
		<subfield code="i">30000026694913</subfield>
		<subfield code="d">2/2/1994</subfield>
		<subfield code="l">_MUIUTP</subfield>
		<subfield code="m">B-MUSIC</subfield>
		<subfield code="n">1</subfield>
		<subfield code="r">Y</subfield>
		<subfield code="s">Y</subfield>
		<subfield code="t">HOUR06</subfield>
		<subfield code="u">11/5/2000</subfield>
		<subfield code="x">IUPERF</subfield>
		<subfield code="z">REELTAPE</subfield>
	  </datafield>
	</record>