
	<record>
	  <leader>01363cam a2200361 a 45 0</leader>
	  <controlfield tag="001">a263895</controlfield>
	  <controlfield tag="003">InU</controlfield>
	  <controlfield tag="008">901128s1991    ne       b    10000 eng  </controlfield>
	  <datafield tag="010" ind1=" " ind2=" ">
		<subfield code="a">   90026169</subfield>
	  </datafield>
	  <datafield tag="020" ind1=" " ind2=" ">
		<subfield code="a">9004093567 (cloth : v. 4-5)</subfield>
	  </datafield>
	  <datafield tag="035" ind1=" " ind2=" ">
		<subfield code="a">(InU)ACM9264BB</subfield>
	  </datafield>
	  <datafield tag="035" ind1=" " ind2=" ">
		<subfield code="a">(OCoLC)ocm22890794</subfield>
	  </datafield>
	  <datafield tag="040" ind1=" " ind2=" ">
		<subfield code="a">DLC</subfield>
		<subfield code="c">DLC</subfield>
		<subfield code="d">IUL</subfield>
	  </datafield>
	  <datafield tag="041" ind1="0" ind2=" ">
		<subfield code="a">eng</subfield>
		<subfield code="h">fre</subfield>
	  </datafield>
	  <datafield tag="043" ind1=" " ind2=" ">
		<subfield code="a">a-ii---</subfield>
	  </datafield>
	  <datafield tag="049" ind1=" " ind2=" ">
		<subfield code="a">IULA</subfield>
	  </datafield>
	  <datafield tag="050" ind1="0" ind2="0">
		<subfield code="a">PK402</subfield>
		<subfield code="b">.W67 1987</subfield>
	  </datafield>
	  <datafield tag="082" ind1="0" ind2="0">
		<subfield code="a">491/.2</subfield>
		<subfield code="2">20</subfield>
	  </datafield>
	  <datafield tag="245" ind1="0" ind2="0">
		<subfield code="a">Sense and syntax in Vedic /</subfield>
		<subfield code="c">edited by Joel P. Brereton and Stephanie W. Jamison. Pāṇini and the Veda / edited by Madhav M. Deshpande.</subfield>
	  </datafield>
	  <datafield tag="260" ind1="0" ind2=" ">
		<subfield code="a">Leiden ;</subfield>
		<subfield code="a">New York :</subfield>
		<subfield code="b">E.J. Brill,</subfield>
		<subfield code="c">1991.</subfield>
	  </datafield>
	  <datafield tag="300" ind1=" " ind2=" ">
		<subfield code="a">106, 73 p. ;</subfield>
		<subfield code="c">25 cm.</subfield>
	  </datafield>
	  <datafield tag="490" ind1="1" ind2=" ">
		<subfield code="a">Panels of the VIIth World Sanskrit Conference ;</subfield>
		<subfield code="v">v. 4-5</subfield>
	  </datafield>
	  <datafield tag="504" ind1=" " ind2=" ">
		<subfield code="a">Includes bibliographical references.</subfield>
	  </datafield>
	  <datafield tag="650" ind1=" " ind2="0">
		<subfield code="a">Sanskrit philology</subfield>
		<subfield code="x">Congresses.</subfield>
	  </datafield>
	  <datafield tag="650" ind1=" " ind2="0">
		<subfield code="a">Vedic philology</subfield>
		<subfield code="x">Congresses.</subfield>
	  </datafield>
	  <datafield tag="740" ind1="0" ind2="1">
		<subfield code="a">Pāṇini and the Veda.</subfield>
	  </datafield>
	  <datafield tag="700" ind1="1" ind2="0">
		<subfield code="a">Brereton, Joel Peter.</subfield>
	  </datafield>
	  <datafield tag="700" ind1="1" ind2="0">
		<subfield code="a">Jamison, Stephanie W.</subfield>
	  </datafield>
	  <datafield tag="700" ind1="1" ind2="0">
		<subfield code="a">Deshpande, Madhav.</subfield>
	  </datafield>
	  <datafield tag="811" ind1="2" ind2=" ">
		<subfield code="a">World Sanskrit Conference</subfield>
		<subfield code="n">(7th :</subfield>
		<subfield code="d">1987 :</subfield>
		<subfield code="c">Kern Institute)</subfield>
		<subfield code="t">Panels of the VIIth World Sanskrit Conference ;</subfield>
		<subfield code="v">v. 4-5.</subfield>
	  </datafield>
	  <datafield tag="998" ind1=" " ind2=" ">
		<subfield code="a">4/28/1992</subfield>
		<subfield code="b">5/11/1992</subfield>
		<subfield code="c">4/28/1992</subfield>
	  </datafield>
	  <datafield tag="596" ind1=" " ind2=" ">
		<subfield code="a">1</subfield>
	  </datafield>
	  <datafield tag="999" ind1=" " ind2=" ">
		<subfield code="a">PK402 .W67 1987 v. 4-5 v.4-5</subfield>
		<subfield code="w">LC</subfield>
		<subfield code="c">1</subfield>
		<subfield code="i">30000029424953</subfield>
		<subfield code="d">5/19/2010</subfield>
		<subfield code="e">4/1/2010</subfield>
		<subfield code="l">_RCSTACKS</subfield>
		<subfield code="m">B-WELLS</subfield>
		<subfield code="r">Y</subfield>
		<subfield code="s">Y</subfield>
		<subfield code="t">NORMAL</subfield>
		<subfield code="u">11/5/2000</subfield>
	  </datafield>
	</record>