
	<record>
	  <leader>01691cam a2200385 a 45 0</leader>
	  <controlfield tag="001">a267117</controlfield>
	  <controlfield tag="003">InU</controlfield>
	  <controlfield tag="008">911202s1991    ne a     b    100 0 eng  </controlfield>
	  <datafield tag="010" ind1=" " ind2=" ">
		<subfield code="a">   91042909</subfield>
	  </datafield>
	  <datafield tag="020" ind1=" " ind2=" ">
		<subfield code="a">0444894268</subfield>
	  </datafield>
	  <datafield tag="035" ind1=" " ind2=" ">
		<subfield code="a">(InU)ACN5377BB</subfield>
	  </datafield>
	  <datafield tag="035" ind1=" " ind2=" ">
		<subfield code="a">(OCoLC)ocm25025475</subfield>
	  </datafield>
	  <datafield tag="040" ind1=" " ind2=" ">
		<subfield code="a">DLC</subfield>
		<subfield code="c">DLC</subfield>
		<subfield code="d">IUL</subfield>
	  </datafield>
	  <datafield tag="049" ind1=" " ind2=" ">
		<subfield code="a">IULA</subfield>
	  </datafield>
	  <datafield tag="050" ind1="0" ind2="0">
		<subfield code="a">QC794.6.C6</subfield>
		<subfield code="b">I578 1989</subfield>
	  </datafield>
	  <datafield tag="082" ind1="0" ind2="0">
		<subfield code="a">539.7/57</subfield>
		<subfield code="2">20</subfield>
	  </datafield>
	  <datafield tag="111" ind1="2" ind2="0">
		<subfield code="a">International School of Physics "Enrico Fermi"</subfield>
		<subfield code="d">(1989 :</subfield>
		<subfield code="c">Varenna, Italy)</subfield>
	  </datafield>
	  <datafield tag="245" ind1="1" ind2="0">
		<subfield code="a">Nuclear collisions from the mean-field into the fragmentation regime /</subfield>
		<subfield code="c">edited by C. Détraz and P. Kienle.</subfield>
	  </datafield>
	  <datafield tag="260" ind1="0" ind2=" ">
		<subfield code="a">Amsterdam ;</subfield>
		<subfield code="a">New York :</subfield>
		<subfield code="b">North-Holland,</subfield>
		<subfield code="c">1991.</subfield>
	  </datafield>
	  <datafield tag="300" ind1=" " ind2=" ">
		<subfield code="a">xiv, 521 p. :</subfield>
		<subfield code="b">ill. ;</subfield>
		<subfield code="c">25 cm.</subfield>
	  </datafield>
	  <datafield tag="490" ind1="1" ind2=" ">
		<subfield code="a">Proceedings of the International School of Physics "Enrico Fermi" ;</subfield>
		<subfield code="v">course 112</subfield>
	  </datafield>
	  <datafield tag="500" ind1=" " ind2=" ">
		<subfield code="a">Title on added t.p.: Collisioni nucleari dal regime di campo medio al regime di frammentazione.</subfield>
	  </datafield>
	  <datafield tag="500" ind1=" " ind2=" ">
		<subfield code="a">At head of title: Italian Physical Society.</subfield>
	  </datafield>
	  <datafield tag="504" ind1=" " ind2=" ">
		<subfield code="a">Includes bibliographical references.</subfield>
	  </datafield>
	  <datafield tag="650" ind1=" " ind2="0">
		<subfield code="a">Collisions (Nuclear physics)</subfield>
		<subfield code="x">Congresses.</subfield>
	  </datafield>
	  <datafield tag="650" ind1=" " ind2="0">
		<subfield code="a">Nuclear fragmentation</subfield>
		<subfield code="x">Congresses.</subfield>
	  </datafield>
	  <datafield tag="650" ind1=" " ind2="0">
		<subfield code="a">Heavy ion collisions</subfield>
		<subfield code="x">Congresses.</subfield>
	  </datafield>
	  <datafield tag="700" ind1="1" ind2="0">
		<subfield code="a">Détaz, C.</subfield>
		<subfield code="q">(Claude),</subfield>
		<subfield code="d">1938-</subfield>
	  </datafield>
	  <datafield tag="700" ind1="1" ind2="0">
		<subfield code="a">Kienle, P.</subfield>
	  </datafield>
	  <datafield tag="710" ind1="2" ind2="0">
		<subfield code="a">Società italiana di fisica.</subfield>
	  </datafield>
	  <datafield tag="740" ind1="0" ind2="1">
		<subfield code="a">Collisioni nucleari dal regime di campo medio al regime di frammentazione.</subfield>
	  </datafield>
	  <datafield tag="811" ind1="2" ind2=" ">
		<subfield code="a">International School of Physics "Enrico Fermi".</subfield>
		<subfield code="t">Proceedings of the International School of Physics "Enrico Fermi" ;</subfield>
		<subfield code="v">course 112.</subfield>
	  </datafield>
	  <datafield tag="998" ind1=" " ind2=" ">
		<subfield code="a">5/6/1992</subfield>
		<subfield code="b">5/12/1992</subfield>
		<subfield code="c">5/6/1992</subfield>
	  </datafield>
	  <datafield tag="596" ind1=" " ind2=" ">
		<subfield code="a">23</subfield>
	  </datafield>
	  <datafield tag="999" ind1=" " ind2=" ">
		<subfield code="a">QC794.6.C6 I578 1989</subfield>
		<subfield code="w">LC</subfield>
		<subfield code="c">1</subfield>
		<subfield code="i">30000027205420</subfield>
		<subfield code="d">4/21/1997</subfield>
		<subfield code="l">STACKS</subfield>
		<subfield code="m">B-SWAIN</subfield>
		<subfield code="n">2</subfield>
		<subfield code="r">Y</subfield>
		<subfield code="s">Y</subfield>
		<subfield code="t">NORMAL</subfield>
		<subfield code="u">11/5/2000</subfield>
	  </datafield>
	</record>