
	<record>
	  <leader>01836cam a2200397 a 45 0</leader>
	  <controlfield tag="001">a267152</controlfield>
	  <controlfield tag="003">InU</controlfield>
	  <controlfield tag="008">860902m19869999ne a     b    000 0 fre  </controlfield>
	  <datafield tag="010" ind1=" " ind2=" ">
		<subfield code="a">   86200036 //r90</subfield>
	  </datafield>
	  <datafield tag="020" ind1=" " ind2=" ">
		<subfield code="a">9070265702 (v. 1) :</subfield>
		<subfield code="c">fl 152.25</subfield>
	  </datafield>
	  <datafield tag="035" ind1=" " ind2=" ">
		<subfield code="a">(InU)ACN5443BB</subfield>
	  </datafield>
	  <datafield tag="035" ind1=" " ind2=" ">
		<subfield code="a">(OCoLC)ocm15039113</subfield>
	  </datafield>
	  <datafield tag="040" ind1=" " ind2=" ">
		<subfield code="a">DLC</subfield>
		<subfield code="c">DLC</subfield>
		<subfield code="d">OCL</subfield>
		<subfield code="d">BNG</subfield>
		<subfield code="d">WAU</subfield>
		<subfield code="d">FIL</subfield>
	  </datafield>
	  <datafield tag="043" ind1=" " ind2=" ">
		<subfield code="a">e-gr---</subfield>
	  </datafield>
	  <datafield tag="049" ind1=" " ind2=" ">
		<subfield code="a">IULA</subfield>
	  </datafield>
	  <datafield tag="050" ind1="0" ind2="0">
		<subfield code="a">DF261.C46</subfield>
		<subfield code="b">K48 1986</subfield>
	  </datafield>
	  <datafield tag="245" ind1="0" ind2="0">
		<subfield code="a">Khóstia :</subfield>
		<subfield code="b">résultats des explorations et fouilles canadiennes a Khóstia en Beotie, Grece centrale = results of Canadian explorations and excavations at Khóstia, Boiotia, central Greece /</subfield>
		<subfield code="c">rédacteur, John M. Fossey ; assistants à la rédaction, Ginette Gauvin, Jacques Morin ; contributions, John M. Fossey ... [et al.] ; illustrations, Ginette Gauvin.</subfield>
	  </datafield>
	  <datafield tag="260" ind1="0" ind2=" ">
		<subfield code="a">Amsterdam :</subfield>
		<subfield code="b">J.C. Gieben,</subfield>
		<subfield code="c">1986-</subfield>
	  </datafield>
	  <datafield tag="300" ind1=" " ind2=" ">
		<subfield code="a">v. &lt;1   &gt; :</subfield>
		<subfield code="b">ill. ;</subfield>
		<subfield code="c">30 cm.</subfield>
	  </datafield>
	  <datafield tag="490" ind1="1" ind2=" ">
		<subfield code="a">Monographies en archeologie et histoire classiques de l'Université McGill =</subfield>
		<subfield code="a">McGill University monographs in classical archaeology and history ;</subfield>
		<subfield code="v">no. 5</subfield>
	  </datafield>
	  <datafield tag="500" ind1=" " ind2=" ">
		<subfield code="a">Two folded maps inserted in pocket in v. 1.</subfield>
	  </datafield>
	  <datafield tag="504" ind1=" " ind2=" ">
		<subfield code="a">Bibliography: v. 1, p. 135-139.</subfield>
	  </datafield>
	  <datafield tag="505" ind1="1" ind2=" ">
		<subfield code="a">1. Etudes diverses dédiées à la mémoire de Siegfried Lauffer.</subfield>
	  </datafield>
	  <datafield tag="591" ind1=" " ind2=" ">
		<subfield code="a"></subfield>
	  </datafield>
	  <datafield tag="651" ind1=" " ind2="0">
		<subfield code="a">Chorsiai (Extinct city)</subfield>
	  </datafield>
	  <datafield tag="651" ind1=" " ind2="0">
		<subfield code="a">Greece</subfield>
		<subfield code="x">Antiquities.</subfield>
	  </datafield>
	  <datafield tag="650" ind1=" " ind2="7">
		<subfield code="a">Fouilles (archéologie)</subfield>
		<subfield code="z">Grèce</subfield>
		<subfield code="z">Khostia.</subfield>
		<subfield code="2">ram</subfield>
	  </datafield>
	  <datafield tag="651" ind1=" " ind2="7">
		<subfield code="a">Khostia (Grèce)</subfield>
		<subfield code="x">antiquités.</subfield>
		<subfield code="2">ram</subfield>
	  </datafield>
	  <datafield tag="700" ind1="1" ind2="0">
		<subfield code="a">Fossey, John M.</subfield>
	  </datafield>
	  <datafield tag="700" ind1="1" ind2="0">
		<subfield code="a">Gauvin, Ginette.</subfield>
	  </datafield>
	  <datafield tag="700" ind1="1" ind2="0">
		<subfield code="a">Morin, Jacques,</subfield>
		<subfield code="c">archiviste.</subfield>
	  </datafield>
	  <datafield tag="700" ind1="1" ind2="0">
		<subfield code="a">Lauffer, Siegfried.</subfield>
	  </datafield>
	  <datafield tag="830" ind1=" " ind2="0">
		<subfield code="a">McGill University monographs in classical archaeology and history ;</subfield>
		<subfield code="v">no. 5.</subfield>
	  </datafield>
	  <datafield tag="998" ind1=" " ind2=" ">
		<subfield code="a">5/6/1992</subfield>
		<subfield code="b">10/31/1997</subfield>
		<subfield code="c">11/21/1997</subfield>
	  </datafield>
	  <datafield tag="596" ind1=" " ind2=" ">
		<subfield code="a">1</subfield>
	  </datafield>
	  <datafield tag="999" ind1=" " ind2=" ">
		<subfield code="a">DF261.C46 K48 1986 v. 1</subfield>
		<subfield code="w">LC</subfield>
		<subfield code="c">1</subfield>
		<subfield code="i">30000006635720</subfield>
		<subfield code="l">_RCSTACKS</subfield>
		<subfield code="m">B-WELLS</subfield>
		<subfield code="r">Y</subfield>
		<subfield code="s">Y</subfield>
		<subfield code="t">NORMAL</subfield>
		<subfield code="u">11/5/2000</subfield>
	  </datafield>
	</record>