
	<record>
	  <leader>01516cam a2200349 a 45 0</leader>
	  <controlfield tag="001">a267292</controlfield>
	  <controlfield tag="003">InU</controlfield>
	  <controlfield tag="008">910702s1989    gw       b    100 0 ger c</controlfield>
	  <datafield tag="010" ind1=" " ind2=" ">
		<subfield code="a">   91168190</subfield>
	  </datafield>
	  <datafield tag="020" ind1=" " ind2=" ">
		<subfield code="a">3791712314</subfield>
	  </datafield>
	  <datafield tag="035" ind1=" " ind2=" ">
		<subfield code="a">(InU)ACN5715BB</subfield>
	  </datafield>
	  <datafield tag="035" ind1=" " ind2=" ">
		<subfield code="a">(OCoLC)ocm24247942</subfield>
	  </datafield>
	  <datafield tag="040" ind1=" " ind2=" ">
		<subfield code="a">ICU</subfield>
		<subfield code="c">CGU</subfield>
		<subfield code="d">IUL</subfield>
	  </datafield>
	  <datafield tag="043" ind1=" " ind2=" ">
		<subfield code="a">e-gx---</subfield>
		<subfield code="a">e-uk---</subfield>
	  </datafield>
	  <datafield tag="049" ind1=" " ind2=" ">
		<subfield code="a">IULA</subfield>
	  </datafield>
	  <datafield tag="050" ind1="1" ind2="4">
		<subfield code="a">DD258.85.G7</subfield>
		<subfield code="b">G47 1989</subfield>
	  </datafield>
	  <datafield tag="245" ind1="0" ind2="0">
		<subfield code="a">Germanistische Tangenten :</subfield>
		<subfield code="b">deutsch-britische Berührungen in Sprache, Literatur, Theatererziehung und Kunst /</subfield>
		<subfield code="c">Herta-Elisabeth Renk, Margaret Stone (Hrsg.) ; [Beiträge eines Germanistischen Kolloquiums zur 10jährigen Partnerschaft der Germanisten Katholischen Universität Eichstätt].</subfield>
	  </datafield>
	  <datafield tag="260" ind1=" " ind2=" ">
		<subfield code="a">Regensburg :</subfield>
		<subfield code="b">Verlag Friedrich Pustet,</subfield>
		<subfield code="c">c1989.</subfield>
	  </datafield>
	  <datafield tag="300" ind1=" " ind2=" ">
		<subfield code="a">118 p. ;</subfield>
		<subfield code="c">24 cm.</subfield>
	  </datafield>
	  <datafield tag="490" ind1="1" ind2=" ">
		<subfield code="a">Eichstätter Beiträge,</subfield>
		<subfield code="x">0720-6798 ; Bd. 25.</subfield>
		<subfield code="a">Abteilung Sprache und Literatur ;</subfield>
		<subfield code="v">9</subfield>
	  </datafield>
	  <datafield tag="504" ind1=" " ind2=" ">
		<subfield code="a">Includes bibliographical references.</subfield>
	  </datafield>
	  <datafield tag="591" ind1=" " ind2=" ">
		<subfield code="a"></subfield>
	  </datafield>
	  <datafield tag="651" ind1=" " ind2="0">
		<subfield code="a">Germany</subfield>
		<subfield code="x">Relations</subfield>
		<subfield code="z">Great Britain</subfield>
		<subfield code="x">Congresses.</subfield>
	  </datafield>
	  <datafield tag="651" ind1=" " ind2="0">
		<subfield code="a">Great Britain</subfield>
		<subfield code="x">Relations</subfield>
		<subfield code="z">Germany</subfield>
		<subfield code="x">Congresses.</subfield>
	  </datafield>
	  <datafield tag="650" ind1=" " ind2="0">
		<subfield code="a">German literature</subfield>
		<subfield code="x">History and criticism</subfield>
		<subfield code="x">Congresses.</subfield>
	  </datafield>
	  <datafield tag="700" ind1="1" ind2="0">
		<subfield code="a">Renk, Herta-Elisabeth,</subfield>
		<subfield code="d">1939-</subfield>
	  </datafield>
	  <datafield tag="700" ind1="1" ind2="0">
		<subfield code="a">Stone, Margaret.</subfield>
	  </datafield>
	  <datafield tag="830" ind1=" " ind2="0">
		<subfield code="a">Eichstätter Beiträge ;</subfield>
		<subfield code="v">Bd. 25.</subfield>
	  </datafield>
	  <datafield tag="830" ind1=" " ind2="0">
		<subfield code="a">Eichstätter Beiträge.</subfield>
		<subfield code="p">Abteilung Sprache und Literatur ;</subfield>
		<subfield code="v">9.</subfield>
	  </datafield>
	  <datafield tag="998" ind1=" " ind2=" ">
		<subfield code="a">5/6/1992</subfield>
		<subfield code="b">9/22/1993</subfield>
		<subfield code="c">9/24/1993</subfield>
	  </datafield>
	  <datafield tag="596" ind1=" " ind2=" ">
		<subfield code="a">1</subfield>
	  </datafield>
	  <datafield tag="999" ind1=" " ind2=" ">
		<subfield code="a">DD258.85.G7 G47 1989</subfield>
		<subfield code="w">LC</subfield>
		<subfield code="c">1</subfield>
		<subfield code="i">30000029465097</subfield>
		<subfield code="d">11/4/1993</subfield>
		<subfield code="l">_RCSTACKS</subfield>
		<subfield code="m">B-WELLS</subfield>
		<subfield code="n">3</subfield>
		<subfield code="r">Y</subfield>
		<subfield code="s">Y</subfield>
		<subfield code="t">NORMAL</subfield>
		<subfield code="u">11/5/2000</subfield>
	  </datafield>
	</record>