
	<record>
	  <leader>01756cam a2200349 a 45 0</leader>
	  <controlfield tag="001">a267299</controlfield>
	  <controlfield tag="003">InU</controlfield>
	  <controlfield tag="008">910304s1990    sz       b    00010 ger c</controlfield>
	  <datafield tag="010" ind1=" " ind2=" ">
		<subfield code="a">   91124941 //r91</subfield>
	  </datafield>
	  <datafield tag="020" ind1=" " ind2=" ">
		<subfield code="a">3261043156</subfield>
	  </datafield>
	  <datafield tag="035" ind1=" " ind2=" ">
		<subfield code="a">(InU)ACN5724BB</subfield>
	  </datafield>
	  <datafield tag="035" ind1=" " ind2=" ">
		<subfield code="a">(OCoLC)ocm23286183</subfield>
	  </datafield>
	  <datafield tag="040" ind1=" " ind2=" ">
		<subfield code="a">CU</subfield>
		<subfield code="c">CUY</subfield>
		<subfield code="d">DLC</subfield>
		<subfield code="d">IUL</subfield>
	  </datafield>
	  <datafield tag="043" ind1=" " ind2=" ">
		<subfield code="a">e-sz---</subfield>
		<subfield code="a">e-gx---</subfield>
		<subfield code="a">e-fr---</subfield>
	  </datafield>
	  <datafield tag="049" ind1=" " ind2=" ">
		<subfield code="a">IULA</subfield>
	  </datafield>
	  <datafield tag="050" ind1="0" ind2="0">
		<subfield code="a">PT3868</subfield>
		<subfield code="b">.S65 1990</subfield>
	  </datafield>
	  <datafield tag="082" ind1="0" ind2="0">
		<subfield code="a">830.9/9494</subfield>
		<subfield code="2">20</subfield>
	  </datafield>
	  <datafield tag="100" ind1="1" ind2="0">
		<subfield code="a">Spiegelberg, Sven,</subfield>
		<subfield code="d">1954-</subfield>
	  </datafield>
	  <datafield tag="245" ind1="1" ind2="0">
		<subfield code="a">Diskurs in der Leere :</subfield>
		<subfield code="b">Aufsätze zur aktuellen Literatur der Schweiz : Hermann Burger, E.Y. Meyer, Jean-Marc Lovay, Gerhard Meier, Paul Nizon /</subfield>
		<subfield code="c">Sven Spiegelberg.</subfield>
	  </datafield>
	  <datafield tag="260" ind1="0" ind2=" ">
		<subfield code="a">Bern ;</subfield>
		<subfield code="a">New York :</subfield>
		<subfield code="b">P. Lang,</subfield>
		<subfield code="c">c1990.</subfield>
	  </datafield>
	  <datafield tag="300" ind1=" " ind2=" ">
		<subfield code="a">131 p. ;</subfield>
		<subfield code="c">23 cm.</subfield>
	  </datafield>
	  <datafield tag="490" ind1="1" ind2=" ">
		<subfield code="a">Europäische Hochschulschriften. Reihe I, Deutsche Sprache und Literatur ;</subfield>
		<subfield code="v">Bd. 1222 =</subfield>
		<subfield code="a">Publications universitaires européennes. Série I, Langue et littérature allemandes ;</subfield>
		<subfield code="v">vol. 1222 =</subfield>
		<subfield code="a">European university studies. Series I, German language and literature ;</subfield>
		<subfield code="v">vol. 1222</subfield>
	  </datafield>
	  <datafield tag="500" ind1=" " ind2=" ">
		<subfield code="a">Originally presented as the author's thesis (doctoral)--Universität Zürich, 1989.</subfield>
	  </datafield>
	  <datafield tag="504" ind1=" " ind2=" ">
		<subfield code="a">Includes bibliographical references (p. [125]-131).</subfield>
	  </datafield>
	  <datafield tag="650" ind1=" " ind2="0">
		<subfield code="a">Swiss literature (German)</subfield>
		<subfield code="y">20th century</subfield>
		<subfield code="x">History and criticism.</subfield>
	  </datafield>
	  <datafield tag="650" ind1=" " ind2="0">
		<subfield code="a">German literature</subfield>
		<subfield code="y">20th century</subfield>
		<subfield code="x">History and criticism.</subfield>
	  </datafield>
	  <datafield tag="650" ind1=" " ind2="0">
		<subfield code="a">Swiss literature (French)</subfield>
		<subfield code="y">20th century</subfield>
		<subfield code="x">History and criticism.</subfield>
	  </datafield>
	  <datafield tag="650" ind1=" " ind2="0">
		<subfield code="a">French literature</subfield>
		<subfield code="y">20th century</subfield>
		<subfield code="x">History and criticism.</subfield>
	  </datafield>
	  <datafield tag="830" ind1=" " ind2="0">
		<subfield code="a">Europäische Hochschulschriften.</subfield>
		<subfield code="n">Reihe I,</subfield>
		<subfield code="p">Deutsche Sprache und Literatur ;</subfield>
		<subfield code="v">Bd. 1222.</subfield>
	  </datafield>
	  <datafield tag="998" ind1=" " ind2=" ">
		<subfield code="a">5/6/1992</subfield>
		<subfield code="b">5/29/1992</subfield>
		<subfield code="c">5/6/1992</subfield>
	  </datafield>
	  <datafield tag="596" ind1=" " ind2=" ">
		<subfield code="a">1</subfield>
	  </datafield>
	  <datafield tag="999" ind1=" " ind2=" ">
		<subfield code="a">PT3868 .S65 1990</subfield>
		<subfield code="w">LC</subfield>
		<subfield code="c">1</subfield>
		<subfield code="i">30000029413345</subfield>
		<subfield code="d">7/10/1992</subfield>
		<subfield code="l">_RCSTACKS</subfield>
		<subfield code="m">B-WELLS</subfield>
		<subfield code="n">1</subfield>
		<subfield code="r">Y</subfield>
		<subfield code="s">Y</subfield>
		<subfield code="t">NORMAL</subfield>
		<subfield code="u">11/5/2000</subfield>
	  </datafield>
	</record>