
	<record>
	  <leader>01400cam a2200469 I 4500</leader>
	  <controlfield tag="001">a267406</controlfield>
	  <controlfield tag="003">InU</controlfield>
	  <controlfield tag="008">930319s1991    cc a          000 0 chi d</controlfield>
	  <datafield tag="020" ind1=" " ind2=" ">
		<subfield code="a">7542601059</subfield>
	  </datafield>
	  <datafield tag="020" ind1=" " ind2=" ">
		<subfield code="a">9787542601056</subfield>
	  </datafield>
	  <datafield tag="035" ind1=" " ind2=" ">
		<subfield code="a">(OCoLC)ocm27890851</subfield>
	  </datafield>
	  <datafield tag="035" ind1=" " ind2=" ">
		<subfield code="a">(OCoLC)27890851</subfield>
	  </datafield>
	  <datafield tag="040" ind1=" " ind2=" ">
		<subfield code="a">BZV</subfield>
		<subfield code="c">BZV</subfield>
		<subfield code="d">HNK</subfield>
	  </datafield>
	  <datafield tag="043" ind1=" " ind2=" ">
		<subfield code="a">a-cc---</subfield>
	  </datafield>
	  <datafield tag="049" ind1=" " ind2=" ">
		<subfield code="a">IULA</subfield>
	  </datafield>
	  <datafield tag="050" ind1=" " ind2="4">
		<subfield code="a">BL1910</subfield>
		<subfield code="b">.L485 1991</subfield>
	  </datafield>
	  <datafield tag="090" ind1=" " ind2=" ">
		<subfield code="a">049  IULA</subfield>
	  </datafield>
	  <datafield tag="100" ind1="1" ind2=" ">
		<subfield code="6">880-01</subfield>
		<subfield code="a">Chen, Yaoting.</subfield>
	  </datafield>
	  <datafield tag="245" ind1="1" ind2="0">
		<subfield code="6">880-02</subfield>
		<subfield code="a">Zhongguo dao jiao  /</subfield>
		<subfield code="c">Chen Yaoting.</subfield>
	  </datafield>
	  <datafield tag="250" ind1=" " ind2=" ">
		<subfield code="6">880-03</subfield>
		<subfield code="a">Di 1 ban.</subfield>
	  </datafield>
	  <datafield tag="260" ind1=" " ind2=" ">
		<subfield code="6">880-04</subfield>
		<subfield code="a">Shanghai :</subfield>
		<subfield code="b">Shang-hai san lian shu tien :</subfield>
		<subfield code="b">Xin hua shu dian Shanghai fa xing suo fa xing,</subfield>
		<subfield code="c">1991.</subfield>
	  </datafield>
	  <datafield tag="300" ind1=" " ind2=" ">
		<subfield code="a">2, 102 p. :</subfield>
		<subfield code="b">ill. ;</subfield>
		<subfield code="c">21 cm.</subfield>
	  </datafield>
	  <datafield tag="490" ind1="1" ind2=" ">
		<subfield code="6">880-05</subfield>
		<subfield code="a">Zhonghua wen ming tu ku =  Zhong hua wen ming tu ku</subfield>
	  </datafield>
	  <datafield tag="650" ind1=" " ind2="0">
		<subfield code="a">Taoism</subfield>
		<subfield code="z">China</subfield>
		<subfield code="x">History.</subfield>
	  </datafield>
	  <datafield tag="650" ind1=" " ind2="0">
		<subfield code="a">Taoism.</subfield>
	  </datafield>
	  <datafield tag="651" ind1=" " ind2="0">
		<subfield code="a">China</subfield>
		<subfield code="x">Civilization.</subfield>
	  </datafield>
	  <datafield tag="830" ind1=" " ind2="0">
		<subfield code="6">880-06</subfield>
		<subfield code="a">Zhonghua wen ming tu ku</subfield>
	  </datafield>
	  <datafield tag="987" ind1=" " ind2=" ">
		<subfield code="a">PINYIN</subfield>
		<subfield code="b">OCoLC</subfield>
		<subfield code="c">20010614</subfield>
		<subfield code="d">r</subfield>
		<subfield code="e">06.12.2001</subfield>
		<subfield code="f">490-a /</subfield>
	  </datafield>
	  <datafield tag="035" ind1=" " ind2=" ">
		<subfield code="a">(OCoLC)ocm27890851</subfield>
	  </datafield>
	  <datafield tag="035" ind1=" " ind2=" ">
		<subfield code="a">(OCoLC)27890851</subfield>
	  </datafield>
	  <datafield tag="035" ind1=" " ind2=" ">
		<subfield code="a">(OCoLC)ocm27890851</subfield>
	  </datafield>
	  <datafield tag="035" ind1=" " ind2=" ">
		<subfield code="a">(InU)ACN5979BB</subfield>
	  </datafield>
	  <datafield tag="035" ind1=" " ind2=" ">
		<subfield code="a">(CStRLIN)ONTG93-B2234</subfield>
	  </datafield>
	  <datafield tag="591" ind1=" " ind2=" ">
		<subfield code="a"></subfield>
	  </datafield>
	  <datafield tag="596" ind1=" " ind2=" ">
		<subfield code="a">1</subfield>
	  </datafield>
	  <datafield tag="999" ind1=" " ind2=" ">
		<subfield code="a">BL1910 .C485 1991</subfield>
		<subfield code="w">LC</subfield>
		<subfield code="c">1</subfield>
		<subfield code="i">30000027235617</subfield>
		<subfield code="d">7/30/2008</subfield>
		<subfield code="e">2/22/2005</subfield>
		<subfield code="l">_RCCHINESE</subfield>
		<subfield code="m">B-WELLS</subfield>
		<subfield code="n">7</subfield>
		<subfield code="q">3</subfield>
		<subfield code="r">Y</subfield>
		<subfield code="s">Y</subfield>
		<subfield code="t">NORMAL</subfield>
		<subfield code="u">11/5/2000</subfield>
		<subfield code="x">EASTASIAN</subfield>
	  </datafield>
	</record>