
	<record>
	  <leader>01073cam a2200301 a 45 0</leader>
	  <controlfield tag="001">a267407</controlfield>
	  <controlfield tag="003">InU</controlfield>
	  <controlfield tag="008">850611s1986    rurac    b    00100 ruso </controlfield>
	  <datafield tag="010" ind1=" " ind2=" ">
		<subfield code="a">   85164858 //r91</subfield>
	  </datafield>
	  <datafield tag="020" ind1=" " ind2=" ">
		<subfield code="c">2.70rub</subfield>
	  </datafield>
	  <datafield tag="035" ind1=" " ind2=" ">
		<subfield code="a">(InU)ACN5981BB</subfield>
	  </datafield>
	  <datafield tag="035" ind1=" " ind2=" ">
		<subfield code="a">(OCoLC)ocm16970792</subfield>
	  </datafield>
	  <datafield tag="040" ind1=" " ind2=" ">
		<subfield code="a">DLC</subfield>
		<subfield code="c">DLC</subfield>
	  </datafield>
	  <datafield tag="043" ind1=" " ind2=" ">
		<subfield code="a">e-ur-bw</subfield>
	  </datafield>
	  <datafield tag="049" ind1=" " ind2=" ">
		<subfield code="a">IULA</subfield>
	  </datafield>
	  <datafield tag="050" ind1="0" ind2="0">
		<subfield code="a">LA853.B94</subfield>
		<subfield code="b">A58 1986</subfield>
	  </datafield>
	  <datafield tag="245" ind1="0" ind2="0">
		<subfield code="a">Antologii͡a pedagogicheskoĭ mysli Belorusskoĭ SSR /</subfield>
		<subfield code="c">redakt͡sionnai͡a kollegii͡a toma M.A. Lazaruk (otvetstvennyĭ redaktor) ... [et al.].</subfield>
	  </datafield>
	  <datafield tag="260" ind1="0" ind2=" ">
		<subfield code="a">Moskva :</subfield>
		<subfield code="b">"Pedagogika",</subfield>
		<subfield code="c">1986.</subfield>
	  </datafield>
	  <datafield tag="300" ind1=" " ind2=" ">
		<subfield code="a">460 p. :</subfield>
		<subfield code="b">ill., ports ;</subfield>
		<subfield code="c">23 cm.</subfield>
	  </datafield>
	  <datafield tag="440" ind1=" " ind2="0">
		<subfield code="a">Antologii͡a pedagogicheskoĭ mysli narodov SSSR</subfield>
	  </datafield>
	  <datafield tag="500" ind1=" " ind2=" ">
		<subfield code="a">At head of title: Akademii͡a pedagogicheskikh nauk SSSR.</subfield>
	  </datafield>
	  <datafield tag="504" ind1=" " ind2=" ">
		<subfield code="a"> Includes bibliographical references (p. 438-454) and index.</subfield>
	  </datafield>
	  <datafield tag="591" ind1=" " ind2=" ">
		<subfield code="a"></subfield>
	  </datafield>
	  <datafield tag="650" ind1=" " ind2="0">
		<subfield code="a">Education</subfield>
		<subfield code="z">Belarus</subfield>
		<subfield code="x">Philosophy.</subfield>
	  </datafield>
	  <datafield tag="700" ind1="1" ind2="0">
		<subfield code="a">Lazaruk, M. A.</subfield>
	  </datafield>
	  <datafield tag="998" ind1=" " ind2=" ">
		<subfield code="a">5/7/1992</subfield>
		<subfield code="b">10/7/1992</subfield>
		<subfield code="c">5/7/1992</subfield>
	  </datafield>
	  <datafield tag="596" ind1=" " ind2=" ">
		<subfield code="a">5</subfield>
	  </datafield>
	  <datafield tag="999" ind1=" " ind2=" ">
		<subfield code="a">LA853.B94 A58 1986</subfield>
		<subfield code="w">LC</subfield>
		<subfield code="c">1</subfield>
		<subfield code="i">30000088969591</subfield>
		<subfield code="l">_ALF</subfield>
		<subfield code="m">B-ALF</subfield>
		<subfield code="r">Y</subfield>
		<subfield code="s">Y</subfield>
		<subfield code="t">NORMAL</subfield>
		<subfield code="u">11/5/2000</subfield>
	  </datafield>
	</record>