
	<record>
	  <leader>00849ccm a2200289 a 45 0</leader>
	  <controlfield tag="001">a271470</controlfield>
	  <controlfield tag="003">InU</controlfield>
	  <controlfield tag="008">790221s1936    au coa         n 1  N/A d</controlfield>
	  <datafield tag="028" ind1="2" ind2="2">
		<subfield code="a">U.E.12.195</subfield>
	  </datafield>
	  <datafield tag="035" ind1=" " ind2=" ">
		<subfield code="a">(InU)ACP3804SB</subfield>
	  </datafield>
	  <datafield tag="035" ind1=" " ind2=" ">
		<subfield code="a">(OCoLC)ocm04675371</subfield>
	  </datafield>
	  <datafield tag="035" ind1=" " ind2=" ">
		<subfield code="9">(FW)BDD5848</subfield>
	  </datafield>
	  <datafield tag="040" ind1=" " ind2=" ">
		<subfield code="a">BOS</subfield>
		<subfield code="c">BOS</subfield>
		<subfield code="d">IUL</subfield>
	  </datafield>
	  <datafield tag="048" ind1=" " ind2=" ">
		<subfield code="b">sa01</subfield>
		<subfield code="a">oa</subfield>
	  </datafield>
	  <datafield tag="049" ind1=" " ind2=" ">
		<subfield code="a">IURF</subfield>
	  </datafield>
	  <datafield tag="090" ind1=" " ind2=" ">
		<subfield code="a">M1012.B495</subfield>
		<subfield code="b">V5</subfield>
		<subfield code="m">IURF</subfield>
	  </datafield>
	  <datafield tag="100" ind1="1" ind2="0">
		<subfield code="a">Berg, Alban,</subfield>
		<subfield code="d">1885-1935.</subfield>
	  </datafield>
	  <datafield tag="240" ind1="1" ind2="0">
		<subfield code="a">Concerto,</subfield>
		<subfield code="m">violin, orchestra</subfield>
	  </datafield>
	  <datafield tag="245" ind1="0" ind2="0">
		<subfield code="a">Violinkonzert /</subfield>
		<subfield code="c">Alban Berg.</subfield>
	  </datafield>
	  <datafield tag="254" ind1=" " ind2=" ">
		<subfield code="a">Partitur.</subfield>
	  </datafield>
	  <datafield tag="260" ind1="0" ind2=" ">
		<subfield code="a">[Wien] :</subfield>
		<subfield code="b">Universal Edition,</subfield>
		<subfield code="c">c1936.</subfield>
	  </datafield>
	  <datafield tag="300" ind1=" " ind2=" ">
		<subfield code="a">1 score (99 p.) ;</subfield>
		<subfield code="c">34 cm.</subfield>
	  </datafield>
	  <datafield tag="500" ind1=" " ind2=" ">
		<subfield code="a">Duration: 25:00-30:00.</subfield>
	  </datafield>
	  <datafield tag="650" ind1=" " ind2="0">
		<subfield code="a">Concertos (Violin)</subfield>
		<subfield code="x">Scores.</subfield>
	  </datafield>
	  <datafield tag="998" ind1=" " ind2=" ">
		<subfield code="a">5/20/1992</subfield>
		<subfield code="c">5/20/1992</subfield>
	  </datafield>
	  <datafield tag="596" ind1=" " ind2=" ">
		<subfield code="a">46</subfield>
	  </datafield>
	  <datafield tag="999" ind1=" " ind2=" ">
		<subfield code="a">M1012 .B48 1936</subfield>
		<subfield code="w">LC</subfield>
		<subfield code="c">1</subfield>
		<subfield code="i">30000020313353</subfield>
		<subfield code="d">3/17/1998</subfield>
		<subfield code="l">STACKS</subfield>
		<subfield code="m">SBEND</subfield>
		<subfield code="n">4</subfield>
		<subfield code="r">Y</subfield>
		<subfield code="s">Y</subfield>
		<subfield code="t">NORMAL</subfield>
		<subfield code="u">11/5/2000</subfield>
	  </datafield>
	</record>