
	<record>
	  <leader>01539cam a2200373 a 45 0</leader>
	  <controlfield tag="001">a277518</controlfield>
	  <controlfield tag="003">InU</controlfield>
	  <controlfield tag="008">880422s1987    hu ab         000 0 hun  </controlfield>
	  <datafield tag="010" ind1=" " ind2=" ">
		<subfield code="a">   88133973 /MAP</subfield>
	  </datafield>
	  <datafield tag="020" ind1=" " ind2=" ">
		<subfield code="a">9630540762 (set) :</subfield>
		<subfield code="c">1200Ft</subfield>
	  </datafield>
	  <datafield tag="035" ind1=" " ind2=" ">
		<subfield code="a">(InU)ACQ4974BB</subfield>
	  </datafield>
	  <datafield tag="034" ind1="1" ind2=" ">
		<subfield code="a">a</subfield>
		<subfield code="b">1500000</subfield>
	  </datafield>
	  <datafield tag="035" ind1=" " ind2=" ">
		<subfield code="a">(OCoLC)ocm21342264</subfield>
	  </datafield>
	  <datafield tag="040" ind1=" " ind2=" ">
		<subfield code="a">DLC</subfield>
		<subfield code="c">DLC</subfield>
		<subfield code="d">IUL</subfield>
	  </datafield>
	  <datafield tag="041" ind1="0" ind2=" ">
		<subfield code="a">hunger</subfield>
	  </datafield>
	  <datafield tag="043" ind1=" " ind2=" ">
		<subfield code="a">e-hu---</subfield>
	  </datafield>
	  <datafield tag="049" ind1=" " ind2=" ">
		<subfield code="a">IULA</subfield>
	  </datafield>
	  <datafield tag="050" ind1="0" ind2="0">
		<subfield code="a">G1941.J2</subfield>
		<subfield code="b">M3 1987 fol.</subfield>
	  </datafield>
	  <datafield tag="082" ind1="0" ind2="0">
		<subfield code="a">912.439</subfield>
		<subfield code="2">20</subfield>
	  </datafield>
	  <datafield tag="245" ind1="0" ind2="0">
		<subfield code="a">Magyar néprajzi atlasz =</subfield>
		<subfield code="b">Atlas der ungarischen Volkskultur = Atlas of Hungarian folk culture /</subfield>
		<subfield code="c">szerkesztette, Barabás Jenő ; [rajzolta, Horváth Ernő].</subfield>
	  </datafield>
	  <datafield tag="255" ind1=" " ind2=" ">
		<subfield code="a">Scale [ca. 1:1,500,000].</subfield>
	  </datafield>
	  <datafield tag="260" ind1="0" ind2=" ">
		<subfield code="a">Budapest :</subfield>
		<subfield code="b">Akadémiai Kiadó,</subfield>
		<subfield code="c">1987.</subfield>
	  </datafield>
	  <datafield tag="300" ind1=" " ind2=" ">
		<subfield code="a">1 atlas (3 v.) :</subfield>
		<subfield code="b">ill., col. maps ;</subfield>
		<subfield code="c">36 x 50 cm.</subfield>
	  </datafield>
	  <datafield tag="500" ind1=" " ind2=" ">
		<subfield code="a">Text in German and Hungarian.</subfield>
	  </datafield>
	  <datafield tag="650" ind1=" " ind2="0">
		<subfield code="a">Agriculture</subfield>
		<subfield code="z">Hungary</subfield>
		<subfield code="x">Maps.</subfield>
	  </datafield>
	  <datafield tag="651" ind1=" " ind2="0">
		<subfield code="a">Hungary</subfield>
		<subfield code="x">Social life and customs</subfield>
		<subfield code="x">Maps.</subfield>
	  </datafield>
	  <datafield tag="700" ind1="1" ind2="0">
		<subfield code="a">Barabás, Jenő.</subfield>
	  </datafield>
	  <datafield tag="740" ind1="0" ind2="1">
		<subfield code="a">Atlas der ungarischen Volkskultur.</subfield>
	  </datafield>
	  <datafield tag="740" ind1="0" ind2="1">
		<subfield code="a">Atlas of Hungarian folk culture.</subfield>
	  </datafield>
	  <datafield tag="998" ind1=" " ind2=" ">
		<subfield code="a">6/5/1992</subfield>
		<subfield code="b">6/5/1992</subfield>
		<subfield code="c">6/5/1992</subfield>
	  </datafield>
	  <datafield tag="596" ind1=" " ind2=" ">
		<subfield code="a">1</subfield>
	  </datafield>
	  <datafield tag="999" ind1=" " ind2=" ">
		<subfield code="a">G1941.J2 M3 1987 fol. v.1</subfield>
		<subfield code="w">LC</subfield>
		<subfield code="c">1</subfield>
		<subfield code="i">30000055106300</subfield>
		<subfield code="d">11/25/2009</subfield>
		<subfield code="l">_RCFOLKOV</subfield>
		<subfield code="m">B-WELLS</subfield>
		<subfield code="n">1</subfield>
		<subfield code="q">2</subfield>
		<subfield code="r">Y</subfield>
		<subfield code="s">Y</subfield>
		<subfield code="t">NORMAL</subfield>
		<subfield code="u">11/5/2000</subfield>
		<subfield code="x">FOLKLORE</subfield>
	  </datafield>
	  <datafield tag="999" ind1=" " ind2=" ">
		<subfield code="a">G1941.J2 M3 1987 fol. v.2</subfield>
		<subfield code="w">LC</subfield>
		<subfield code="c">1</subfield>
		<subfield code="i">30000055106524</subfield>
		<subfield code="d">11/25/2009</subfield>
		<subfield code="l">_RCFOLKOV</subfield>
		<subfield code="m">B-WELLS</subfield>
		<subfield code="n">1</subfield>
		<subfield code="q">2</subfield>
		<subfield code="r">Y</subfield>
		<subfield code="s">Y</subfield>
		<subfield code="t">NORMAL</subfield>
		<subfield code="u">11/5/2000</subfield>
		<subfield code="x">FOLKLORE</subfield>
	  </datafield>
	  <datafield tag="999" ind1=" " ind2=" ">
		<subfield code="a">G1941.J2 M3 1987 fol. v.3</subfield>
		<subfield code="w">LC</subfield>
		<subfield code="c">1</subfield>
		<subfield code="i">30000055106516</subfield>
		<subfield code="d">11/25/2009</subfield>
		<subfield code="l">_RCFOLKOV</subfield>
		<subfield code="m">B-WELLS</subfield>
		<subfield code="n">1</subfield>
		<subfield code="q">2</subfield>
		<subfield code="r">Y</subfield>
		<subfield code="s">Y</subfield>
		<subfield code="t">NORMAL</subfield>
		<subfield code="u">11/5/2000</subfield>
		<subfield code="x">FOLKLORE</subfield>
	  </datafield>
	</record>