
	<record>
	  <leader>05332cas a2200853 a 45 0</leader>
	  <controlfield tag="001">a246858</controlfield>
	  <controlfield tag="003">InU</controlfield>
	  <controlfield tag="005">20100608162556.9</controlfield>
	  <controlfield tag="008">910326c19919999gw mr p       0    0ger c</controlfield>
	  <datafield tag="010" ind1=" " ind2=" ">
		<subfield code="a">sn 91025495</subfield>
	  </datafield>
	  <datafield tag="035" ind1=" " ind2=" ">
		<subfield code="a">(OCoLC)ocm23299602</subfield>
	  </datafield>
	  <datafield tag="040" ind1=" " ind2=" ">
		<subfield code="a">LDL</subfield>
		<subfield code="c">LDL</subfield>
		<subfield code="d">HUL</subfield>
		<subfield code="d">CAS</subfield>
		<subfield code="d">NST</subfield>
		<subfield code="d">WAU</subfield>
		<subfield code="d">IUL</subfield>
		<subfield code="d">OCL</subfield>
		<subfield code="d">EYM</subfield>
		<subfield code="d">GUA</subfield>
		<subfield code="d">SYS</subfield>
		<subfield code="d">OCLCQ</subfield>
		<subfield code="d">IUL</subfield>
	  </datafield>
	  <datafield tag="019" ind1=" " ind2=" ">
		<subfield code="a">23341121</subfield>
	  </datafield>
	  <datafield tag="022" ind1=" " ind2=" ">
		<subfield code="a">0940-4171</subfield>
		<subfield code="l">0940-4171</subfield>
		<subfield code="y">0723-9432</subfield>
		<subfield code="2">6</subfield>
	  </datafield>
	  <datafield tag="029" ind1="1" ind2=" ">
		<subfield code="a">NLGGC</subfield>
		<subfield code="b">08144284X</subfield>
	  </datafield>
	  <datafield tag="029" ind1="1" ind2=" ">
		<subfield code="a">AU@</subfield>
		<subfield code="b">000008264436</subfield>
	  </datafield>
	  <datafield tag="030" ind1=" " ind2=" ">
		<subfield code="a">EUSIEW</subfield>
	  </datafield>
	  <datafield tag="041" ind1="0" ind2=" ">
		<subfield code="a">ger</subfield>
		<subfield code="b">eng</subfield>
		<subfield code="f">eng</subfield>
	  </datafield>
	  <datafield tag="042" ind1=" " ind2=" ">
		<subfield code="a">pcc</subfield>
	  </datafield>
	  <datafield tag="043" ind1=" " ind2=" ">
		<subfield code="a">e------</subfield>
	  </datafield>
	  <datafield tag="050" ind1="1" ind2="4">
		<subfield code="a">U3</subfield>
		<subfield code="b">.W396</subfield>
	  </datafield>
	  <datafield tag="049" ind1=" " ind2=" ">
		<subfield code="a">IULA</subfield>
	  </datafield>
	  <datafield tag="130" ind1="0" ind2=" ">
		<subfield code="a">Europäische Sicherheit (1991)</subfield>
	  </datafield>
	  <datafield tag="222" ind1=" " ind2="0">
		<subfield code="a">Europäische Sicherheit</subfield>
	  </datafield>
	  <datafield tag="245" ind1="1" ind2="0">
		<subfield code="a">Europäische Sicherheit.</subfield>
	  </datafield>
	  <datafield tag="260" ind1=" " ind2=" ">
		<subfield code="a">München :</subfield>
		<subfield code="b">E.S. Mittler,</subfield>
		<subfield code="c">c1991-</subfield>
	  </datafield>
	  <datafield tag="300" ind1=" " ind2=" ">
		<subfield code="a">v. :</subfield>
		<subfield code="b">ill. ;</subfield>
		<subfield code="c">30 cm.</subfield>
	  </datafield>
	  <datafield tag="310" ind1=" " ind2=" ">
		<subfield code="a">Monthly</subfield>
	  </datafield>
	  <datafield tag="362" ind1="0" ind2=" ">
		<subfield code="a">40. Jahrg., Nr. 1 (Jan. 1991)-</subfield>
	  </datafield>
	  <datafield tag="500" ind1=" " ind2=" ">
		<subfield code="a">Title from cover.</subfield>
	  </datafield>
	  <datafield tag="546" ind1=" " ind2=" ">
		<subfield code="a">Text in German with summaries in English.</subfield>
	  </datafield>
	  <datafield tag="550" ind1=" " ind2=" ">
		<subfield code="a">Official organ of: Gesellschaft für Wehr- und Sicherheitspolitik; Arbeitskreis für Wehrforschung; Clausewitz-Gesellschaft, Deutsches Strategie-Forum; and: Gesellschaft für Sicherheitspolitik und Rüstungskontrolle.</subfield>
	  </datafield>
	  <datafield tag="588" ind1=" " ind2=" ">
		<subfield code="a">Latest issue consulted: 56 Jahrg., Nr. 6 (June 2007)</subfield>
	  </datafield>
	  <datafield tag="650" ind1=" " ind2="0">
		<subfield code="a">Military art and science</subfield>
		<subfield code="v">Periodicals.</subfield>
	  </datafield>
	  <datafield tag="651" ind1=" " ind2="0">
		<subfield code="a">Europe</subfield>
		<subfield code="x">Defenses</subfield>
		<subfield code="v">Periodicals.</subfield>
	  </datafield>
	  <datafield tag="710" ind1="2" ind2=" ">
		<subfield code="a">Gesellschaft für Wehr- und Sicherheitspolitik.</subfield>
	  </datafield>
	  <datafield tag="710" ind1="2" ind2=" ">
		<subfield code="a">Arbeitskreis für Wehrforschung.</subfield>
	  </datafield>
	  <datafield tag="710" ind1="2" ind2=" ">
		<subfield code="a">Clausewitz Gesellschaft.</subfield>
	  </datafield>
	  <datafield tag="710" ind1="2" ind2=" ">
		<subfield code="a">Deutsches Strategie-Forum.</subfield>
	  </datafield>
	  <datafield tag="710" ind1="2" ind2=" ">
		<subfield code="a">Gesellschaft für Sicherheitspolitik und Rüstungskontrolle (Germany)</subfield>
	  </datafield>
	  <datafield tag="780" ind1="0" ind2="0">
		<subfield code="t">Europäische Wehrkunde, Wehrwissenschaftliche Rundschau</subfield>
		<subfield code="x">0723-9432</subfield>
		<subfield code="w">(DLC)sn 85020657</subfield>
		<subfield code="w">(OCoLC)11800469</subfield>
	  </datafield>
	  <datafield tag="776" ind1="0" ind2="8">
		<subfield code="i">Online version:</subfield>
		<subfield code="t">Europäische Sicherheit (1991)</subfield>
		<subfield code="x">0940-4171</subfield>
		<subfield code="w">(OCoLC)607718738</subfield>
	  </datafield>
	  <datafield tag="776" ind1="0" ind2="8">
		<subfield code="i">Online version:</subfield>
		<subfield code="t">Europäische Sicherheit (1991)</subfield>
		<subfield code="w">(OCoLC)608413569</subfield>
	  </datafield>
	  <datafield tag="850" ind1=" " ind2=" ">
		<subfield code="a">GU</subfield>
		<subfield code="a">InU</subfield>
		<subfield code="a">MH</subfield>
		<subfield code="a">MiU</subfield>
		<subfield code="a">NN</subfield>
		<subfield code="a">NcD</subfield>
		<subfield code="a">NjP</subfield>
	  </datafield>
	  <datafield tag="891" ind1="0" ind2="0">
		<subfield code="9">853</subfield>
		<subfield code="8">1</subfield>
		<subfield code="a">Jahrg.</subfield>
		<subfield code="b">Nr.</subfield>
		<subfield code="i">(year)</subfield>
		<subfield code="j">(month)</subfield>
	  </datafield>
	  <datafield tag="891" ind1="4" ind2="0">
		<subfield code="9">863</subfield>
		<subfield code="8">1</subfield>
		<subfield code="a">40</subfield>
		<subfield code="b">1</subfield>
		<subfield code="i">1991</subfield>
		<subfield code="j">01</subfield>
	  </datafield>
	  <datafield tag="035" ind1=" " ind2=" ">
		<subfield code="a">(InU)ACJ8829BB</subfield>
	  </datafield>
	  <datafield tag="591" ind1=" " ind2=" ">
		<subfield code="a"></subfield>
	  </datafield>
	  <datafield tag="596" ind1=" " ind2=" ">
		<subfield code="a">1 5</subfield>
	  </datafield>
	  <datafield tag="999" ind1=" " ind2=" ">
		<subfield code="a">U3 .W43 v.44 1995</subfield>
		<subfield code="w">LC</subfield>
		<subfield code="c">1</subfield>
		<subfield code="i">30000106291465</subfield>
		<subfield code="d">8/21/1998</subfield>
		<subfield code="l">_ALF</subfield>
		<subfield code="m">B-ALF</subfield>
		<subfield code="q">2</subfield>
		<subfield code="r">Y</subfield>
		<subfield code="s">Y</subfield>
		<subfield code="t">PERIOD</subfield>
		<subfield code="u">11/5/2000</subfield>
		<subfield code="o">.STAFF.  1995</subfield>
	  </datafield>
	  <datafield tag="999" ind1=" " ind2=" ">
		<subfield code="a">U3 .W43 v.43 1994</subfield>
		<subfield code="w">LC</subfield>
		<subfield code="c">1</subfield>
		<subfield code="i">30000106291473</subfield>
		<subfield code="d">6/28/1995</subfield>
		<subfield code="l">_ALF</subfield>
		<subfield code="m">B-ALF</subfield>
		<subfield code="q">1</subfield>
		<subfield code="r">Y</subfield>
		<subfield code="s">Y</subfield>
		<subfield code="t">PERIOD</subfield>
		<subfield code="u">11/5/2000</subfield>
		<subfield code="o">.STAFF.  1994</subfield>
	  </datafield>
	  <datafield tag="999" ind1=" " ind2=" ">
		<subfield code="a">U3 .W43 v.42 1993</subfield>
		<subfield code="w">LC</subfield>
		<subfield code="c">1</subfield>
		<subfield code="i">30000106291481</subfield>
		<subfield code="l">_ALF</subfield>
		<subfield code="m">B-ALF</subfield>
		<subfield code="r">Y</subfield>
		<subfield code="s">Y</subfield>
		<subfield code="t">PERIOD</subfield>
		<subfield code="u">11/5/2000</subfield>
		<subfield code="o">.STAFF.  1993</subfield>
	  </datafield>
	  <datafield tag="999" ind1=" " ind2=" ">
		<subfield code="a">U3 .W43 v.41 1992</subfield>
		<subfield code="w">LC</subfield>
		<subfield code="c">1</subfield>
		<subfield code="i">30000106291499</subfield>
		<subfield code="l">_ALF</subfield>
		<subfield code="m">B-ALF</subfield>
		<subfield code="r">Y</subfield>
		<subfield code="s">Y</subfield>
		<subfield code="t">PERIOD</subfield>
		<subfield code="u">11/5/2000</subfield>
		<subfield code="o">.STAFF.  mr</subfield>
		<subfield code="o">.STAFF.  1992</subfield>
	  </datafield>
	  <datafield tag="999" ind1=" " ind2=" ">
		<subfield code="a">U3 .W43 v.40 1991</subfield>
		<subfield code="w">LC</subfield>
		<subfield code="c">1</subfield>
		<subfield code="i">30000106291507</subfield>
		<subfield code="l">_ALF</subfield>
		<subfield code="m">B-ALF</subfield>
		<subfield code="r">Y</subfield>
		<subfield code="s">Y</subfield>
		<subfield code="t">PERIOD</subfield>
		<subfield code="u">11/5/2000</subfield>
		<subfield code="o">.STAFF.  1991</subfield>
	  </datafield>
	  <datafield tag="999" ind1=" " ind2=" ">
		<subfield code="a">U3 .W43 v.47 1998</subfield>
		<subfield code="w">LC</subfield>
		<subfield code="c">1</subfield>
		<subfield code="i">30000113947703</subfield>
		<subfield code="d">4/24/2002</subfield>
		<subfield code="e">4/4/2002</subfield>
		<subfield code="l">_ALF</subfield>
		<subfield code="m">B-ALF</subfield>
		<subfield code="n">1</subfield>
		<subfield code="q">1</subfield>
		<subfield code="r">Y</subfield>
		<subfield code="s">Y</subfield>
		<subfield code="t">PERIOD</subfield>
		<subfield code="u">11/5/2000</subfield>
		<subfield code="o">.STAFF.  jba (no.8-12 not published)</subfield>
		<subfield code="o">.STAFF.  1998</subfield>
	  </datafield>
	  <datafield tag="999" ind1=" " ind2=" ">
		<subfield code="a">U3 .W43 v.46 1997</subfield>
		<subfield code="w">LC</subfield>
		<subfield code="c">1</subfield>
		<subfield code="i">30000113947695</subfield>
		<subfield code="d">3/31/1998</subfield>
		<subfield code="l">_ALF</subfield>
		<subfield code="m">B-ALF</subfield>
		<subfield code="q">1</subfield>
		<subfield code="r">Y</subfield>
		<subfield code="s">Y</subfield>
		<subfield code="t">PERIOD</subfield>
		<subfield code="u">11/5/2000</subfield>
		<subfield code="o">.STAFF.  1997</subfield>
	  </datafield>
	  <datafield tag="999" ind1=" " ind2=" ">
		<subfield code="a">U3 .W43 v.45 1996</subfield>
		<subfield code="w">LC</subfield>
		<subfield code="c">1</subfield>
		<subfield code="i">30000113947687</subfield>
		<subfield code="d">5/2/1997</subfield>
		<subfield code="l">_ALF</subfield>
		<subfield code="m">B-ALF</subfield>
		<subfield code="q">1</subfield>
		<subfield code="r">Y</subfield>
		<subfield code="s">Y</subfield>
		<subfield code="t">PERIOD</subfield>
		<subfield code="u">11/5/2000</subfield>
		<subfield code="o">.STAFF.  1996</subfield>
	  </datafield>
	  <datafield tag="999" ind1=" " ind2=" ">
		<subfield code="a">U3 .W43 v.48 1999</subfield>
		<subfield code="w">LC</subfield>
		<subfield code="c">1</subfield>
		<subfield code="i">30000113947679</subfield>
		<subfield code="l">_ALF</subfield>
		<subfield code="m">B-ALF</subfield>
		<subfield code="r">Y</subfield>
		<subfield code="s">Y</subfield>
		<subfield code="t">PERIOD</subfield>
		<subfield code="u">11/5/2000</subfield>
		<subfield code="o">.STAFF.  acm</subfield>
		<subfield code="o">.STAFF.  1999</subfield>
	  </datafield>
	  <datafield tag="999" ind1=" " ind2=" ">
		<subfield code="a">U3 .W43 v.49 2000</subfield>
		<subfield code="w">LC</subfield>
		<subfield code="c">1</subfield>
		<subfield code="i">30000113947661</subfield>
		<subfield code="d">12/20/2002</subfield>
		<subfield code="e">11/8/2002</subfield>
		<subfield code="l">_ALF</subfield>
		<subfield code="m">B-ALF</subfield>
		<subfield code="q">1</subfield>
		<subfield code="r">Y</subfield>
		<subfield code="s">Y</subfield>
		<subfield code="t">PERIOD</subfield>
		<subfield code="u">10/30/2002</subfield>
	  </datafield>
	  <datafield tag="999" ind1=" " ind2=" ">
		<subfield code="a">U3 .W43 v.51 2002</subfield>
		<subfield code="w">LC</subfield>
		<subfield code="c">1</subfield>
		<subfield code="i">30000113947653</subfield>
		<subfield code="d">9/18/2004</subfield>
		<subfield code="e">7/15/2004</subfield>
		<subfield code="l">_ALF</subfield>
		<subfield code="m">B-ALF</subfield>
		<subfield code="q">1</subfield>
		<subfield code="r">Y</subfield>
		<subfield code="s">Y</subfield>
		<subfield code="t">PERIOD</subfield>
		<subfield code="u">7/15/2004</subfield>
	  </datafield>
	  <datafield tag="999" ind1=" " ind2=" ">
		<subfield code="a">U3 .W43 v.50 2001</subfield>
		<subfield code="w">LC</subfield>
		<subfield code="c">1</subfield>
		<subfield code="i">30000113947646</subfield>
		<subfield code="d">12/20/2002</subfield>
		<subfield code="e">11/8/2002</subfield>
		<subfield code="l">_ALF</subfield>
		<subfield code="m">B-ALF</subfield>
		<subfield code="q">2</subfield>
		<subfield code="r">Y</subfield>
		<subfield code="s">Y</subfield>
		<subfield code="t">PERIOD</subfield>
		<subfield code="u">10/30/2002</subfield>
	  </datafield>
	  <datafield tag="999" ind1=" " ind2=" ">
		<subfield code="a">U3 .W43 v.53,no.1-6 2004</subfield>
		<subfield code="w">LC</subfield>
		<subfield code="c">1</subfield>
		<subfield code="i">30000113947638</subfield>
		<subfield code="d">11/20/2005</subfield>
		<subfield code="e">3/15/2005</subfield>
		<subfield code="l">_ALF</subfield>
		<subfield code="m">B-ALF</subfield>
		<subfield code="q">4</subfield>
		<subfield code="r">Y</subfield>
		<subfield code="s">Y</subfield>
		<subfield code="t">PERIOD</subfield>
		<subfield code="u">3/15/2005</subfield>
	  </datafield>
	  <datafield tag="999" ind1=" " ind2=" ">
		<subfield code="a">U3 .W43 v.52 2003</subfield>
		<subfield code="w">LC</subfield>
		<subfield code="c">1</subfield>
		<subfield code="i">30000113947620</subfield>
		<subfield code="d">2/17/2006</subfield>
		<subfield code="e">7/15/2004</subfield>
		<subfield code="l">_ALF</subfield>
		<subfield code="m">B-ALF</subfield>
		<subfield code="q">2</subfield>
		<subfield code="r">Y</subfield>
		<subfield code="s">Y</subfield>
		<subfield code="t">PERIOD</subfield>
		<subfield code="u">7/15/2004</subfield>
	  </datafield>
	  <datafield tag="999" ind1=" " ind2=" ">
		<subfield code="a">U3 .W43 v.55,no.1-6 2006</subfield>
		<subfield code="w">LC</subfield>
		<subfield code="c">1</subfield>
		<subfield code="i">30000113947612</subfield>
		<subfield code="d">8/30/2006</subfield>
		<subfield code="e">7/13/2006</subfield>
		<subfield code="l">_ALF</subfield>
		<subfield code="m">B-ALF</subfield>
		<subfield code="q">1</subfield>
		<subfield code="r">Y</subfield>
		<subfield code="s">Y</subfield>
		<subfield code="t">PERIOD</subfield>
		<subfield code="u">7/5/2006</subfield>
	  </datafield>
	  <datafield tag="999" ind1=" " ind2=" ">
		<subfield code="a">U3 .W43 v.54,no.7-12 2005</subfield>
		<subfield code="w">LC</subfield>
		<subfield code="c">1</subfield>
		<subfield code="i">30000113947604</subfield>
		<subfield code="d">8/29/2006</subfield>
		<subfield code="e">7/13/2006</subfield>
		<subfield code="l">_ALF</subfield>
		<subfield code="m">B-ALF</subfield>
		<subfield code="q">1</subfield>
		<subfield code="r">Y</subfield>
		<subfield code="s">Y</subfield>
		<subfield code="t">PERIOD</subfield>
		<subfield code="u">7/5/2006</subfield>
	  </datafield>
	  <datafield tag="999" ind1=" " ind2=" ">
		<subfield code="a">U3 .W43 v.54,no.1-6 2005</subfield>
		<subfield code="w">LC</subfield>
		<subfield code="c">1</subfield>
		<subfield code="i">30000113947596</subfield>
		<subfield code="d">1/17/2006</subfield>
		<subfield code="e">11/11/2005</subfield>
		<subfield code="l">_ALF</subfield>
		<subfield code="m">B-ALF</subfield>
		<subfield code="q">1</subfield>
		<subfield code="r">Y</subfield>
		<subfield code="s">Y</subfield>
		<subfield code="t">PERIOD</subfield>
		<subfield code="u">11/11/2005</subfield>
	  </datafield>
	  <datafield tag="999" ind1=" " ind2=" ">
		<subfield code="a">U3 .W43 v.53,no.7-12 2004</subfield>
		<subfield code="w">LC</subfield>
		<subfield code="c">1</subfield>
		<subfield code="i">30000113947588</subfield>
		<subfield code="d">2/17/2006</subfield>
		<subfield code="e">3/15/2005</subfield>
		<subfield code="l">_ALF</subfield>
		<subfield code="m">B-ALF</subfield>
		<subfield code="q">1</subfield>
		<subfield code="r">Y</subfield>
		<subfield code="s">Y</subfield>
		<subfield code="t">PERIOD</subfield>
		<subfield code="u">3/15/2005</subfield>
	  </datafield>
	  <datafield tag="999" ind1=" " ind2=" ">
		<subfield code="a">U3 .W43 v.56,no.1-6 2007</subfield>
		<subfield code="w">LC</subfield>
		<subfield code="c">1</subfield>
		<subfield code="i">30000115666624</subfield>
		<subfield code="d">6/10/2010</subfield>
		<subfield code="e">9/12/2007</subfield>
		<subfield code="l">_RCSTACKS</subfield>
		<subfield code="m">B-WELLS</subfield>
		<subfield code="q">2</subfield>
		<subfield code="r">Y</subfield>
		<subfield code="s">Y</subfield>
		<subfield code="t">PERIOD</subfield>
		<subfield code="u">9/12/2007</subfield>
	  </datafield>
	  <datafield tag="999" ind1=" " ind2=" ">
		<subfield code="a">U3 .W43 v.55,no.7-12 2006</subfield>
		<subfield code="w">LC</subfield>
		<subfield code="c">1</subfield>
		<subfield code="i">30000121000115</subfield>
		<subfield code="d">11/12/2007</subfield>
		<subfield code="e">9/13/2007</subfield>
		<subfield code="l">_ALF</subfield>
		<subfield code="m">B-ALF</subfield>
		<subfield code="r">Y</subfield>
		<subfield code="s">Y</subfield>
		<subfield code="t">PERIOD</subfield>
		<subfield code="u">8/6/2007</subfield>
	  </datafield>
	  <datafield tag="999" ind1=" " ind2=" ">
		<subfield code="a">U3 .W43 v.56,no.7-12 2007</subfield>
		<subfield code="w">LC</subfield>
		<subfield code="c">1</subfield>
		<subfield code="i">30000125135719</subfield>
		<subfield code="d">11/18/2009</subfield>
		<subfield code="e">7/7/2009</subfield>
		<subfield code="l">_RCSTACKS</subfield>
		<subfield code="m">B-WELLS</subfield>
		<subfield code="n">1</subfield>
		<subfield code="q">2</subfield>
		<subfield code="r">Y</subfield>
		<subfield code="s">Y</subfield>
		<subfield code="t">PERIOD</subfield>
		<subfield code="u">8/5/2008</subfield>
	  </datafield>
	  <datafield tag="999" ind1=" " ind2=" ">
		<subfield code="a">U3 .W43 v.57,no.1-6 2008</subfield>
		<subfield code="w">LC</subfield>
		<subfield code="c">1</subfield>
		<subfield code="i">30000115763603</subfield>
		<subfield code="d">4/10/2009</subfield>
		<subfield code="e">1/22/2009</subfield>
		<subfield code="l">_RCSTACKS</subfield>
		<subfield code="m">B-WELLS</subfield>
		<subfield code="q">1</subfield>
		<subfield code="r">Y</subfield>
		<subfield code="s">Y</subfield>
		<subfield code="t">PERIOD</subfield>
		<subfield code="u">1/22/2009</subfield>
	  </datafield>
	  <datafield tag="999" ind1=" " ind2=" ">
		<subfield code="a">U3 .W43 v.57,no.7-12 2008</subfield>
		<subfield code="w">LC</subfield>
		<subfield code="c">1</subfield>
		<subfield code="i">30000125072805</subfield>
		<subfield code="d">7/1/2009</subfield>
		<subfield code="e">3/18/2009</subfield>
		<subfield code="l">_RCSTACKS</subfield>
		<subfield code="m">B-WELLS</subfield>
		<subfield code="q">1</subfield>
		<subfield code="r">Y</subfield>
		<subfield code="s">Y</subfield>
		<subfield code="t">PERIOD</subfield>
		<subfield code="u">3/18/2009</subfield>
	  </datafield>
	  <datafield tag="999" ind1=" " ind2=" ">
		<subfield code="a">U3 .W43 v.58,no.1-6 2009</subfield>
		<subfield code="w">LC</subfield>
		<subfield code="c">1</subfield>
		<subfield code="i">30000129026310</subfield>
		<subfield code="d">1/20/2011</subfield>
		<subfield code="e">9/14/2010</subfield>
		<subfield code="l">_RCSTACKS</subfield>
		<subfield code="m">B-WELLS</subfield>
		<subfield code="q">1</subfield>
		<subfield code="r">Y</subfield>
		<subfield code="s">Y</subfield>
		<subfield code="t">PERIOD</subfield>
		<subfield code="u">6/3/2010</subfield>
	  </datafield>
	  <datafield tag="999" ind1=" " ind2=" ">
		<subfield code="a">U3 .W43 v.58,no.7-12 2009</subfield>
		<subfield code="w">LC</subfield>
		<subfield code="c">1</subfield>
		<subfield code="i">30000129026328</subfield>
		<subfield code="d">8/31/2010</subfield>
		<subfield code="e">6/3/2010</subfield>
		<subfield code="l">_RCSTACKS</subfield>
		<subfield code="m">B-WELLS</subfield>
		<subfield code="q">1</subfield>
		<subfield code="r">Y</subfield>
		<subfield code="s">Y</subfield>
		<subfield code="t">PERIOD</subfield>
		<subfield code="u">6/3/2010</subfield>
	  </datafield>
	</record>