
	<record>
	  <leader>01913cas a2200541   4500</leader>
	  <controlfield tag="001">a255296</controlfield>
	  <controlfield tag="003">InU</controlfield>
	  <controlfield tag="008">940418d19911997bu  x     oh  0    0bul d</controlfield>
	  <datafield tag="010" ind1=" " ind2=" ">
		<subfield code="a">sn 94033301</subfield>
	  </datafield>
	  <datafield tag="012" ind1=" " ind2=" ">
		<subfield code="i">9404</subfield>
	  </datafield>
	  <datafield tag="035" ind1=" " ind2=" ">
		<subfield code="a">(OCoLC)ocm30212156</subfield>
	  </datafield>
	  <datafield tag="035" ind1=" " ind2=" ">
		<subfield code="a">(OCoLC)30212156</subfield>
	  </datafield>
	  <datafield tag="040" ind1=" " ind2=" ">
		<subfield code="a">IUL</subfield>
		<subfield code="c">IUL</subfield>
		<subfield code="d">OCLCQ</subfield>
		<subfield code="d">IUL</subfield>
	  </datafield>
	  <datafield tag="042" ind1=" " ind2=" ">
		<subfield code="a">lcd</subfield>
	  </datafield>
	  <datafield tag="043" ind1=" " ind2=" ">
		<subfield code="a">e-bu---</subfield>
	  </datafield>
	  <datafield tag="049" ind1=" " ind2=" ">
		<subfield code="a">IULA</subfield>
	  </datafield>
	  <datafield tag="050" ind1="1" ind2="4">
		<subfield code="a">PG1000</subfield>
		<subfield code="b">.K462</subfield>
	  </datafield>
	  <datafield tag="090" ind1=" " ind2=" ">
		<subfield code="a">049  IULA</subfield>
	  </datafield>
	  <datafield tag="245" ind1="0" ind2="0">
		<subfield code="6">880-01</subfield>
		<subfield code="a">Uchastie.</subfield>
	  </datafield>
	  <datafield tag="260" ind1=" " ind2=" ">
		<subfield code="6">880-02</subfield>
		<subfield code="a">Stara Zagora :</subfield>
		<subfield code="b">IPK "Ariel",</subfield>
		<subfield code="c">1991-</subfield>
	  </datafield>
	  <datafield tag="300" ind1=" " ind2=" ">
		<subfield code="a">v. :</subfield>
		<subfield code="b">ill. ;</subfield>
		<subfield code="c">29 cm.</subfield>
	  </datafield>
	  <datafield tag="310" ind1=" " ind2=" ">
		<subfield code="a">Irregular</subfield>
	  </datafield>
	  <datafield tag="362" ind1="0" ind2=" ">
		<subfield code="6">880-03</subfield>
		<subfield code="a">G. 1, br. 1 (dek. 1991 g.)-</subfield>
	  </datafield>
	  <datafield tag="362" ind1="1" ind2=" ">
		<subfield code="a">Ceased with v. 7 in 1997.</subfield>
	  </datafield>
	  <datafield tag="500" ind1=" " ind2=" ">
		<subfield code="a">Title from cover.</subfield>
	  </datafield>
	  <datafield tag="500" ind1=" " ind2=" ">
		<subfield code="6">880-04</subfield>
		<subfield code="a">Latest issue consulted: G. 3, br. 4, published in 1992.</subfield>
	  </datafield>
	  <datafield tag="520" ind1=" " ind2=" ">
		<subfield code="6">880-05</subfield>
		<subfield code="a">"Periodichno izdanie na pisatelite ot Stara Zagora."</subfield>
	  </datafield>
	  <datafield tag="650" ind1=" " ind2="0">
		<subfield code="a">Bulgarian literature</subfield>
		<subfield code="y">20th century</subfield>
		<subfield code="v">Periodicals.</subfield>
	  </datafield>
	  <datafield tag="650" ind1=" " ind2="0">
		<subfield code="a">Bulgarian literature</subfield>
		<subfield code="x">History and criticism</subfield>
		<subfield code="v">Periodicals.</subfield>
	  </datafield>
	  <datafield tag="776" ind1="0" ind2="8">
		<subfield code="i">Online version:</subfield>
		<subfield code="t">Uchastie</subfield>
		<subfield code="w">(OCoLC)617945720</subfield>
	  </datafield>
	  <datafield tag="780" ind1="0" ind2="0">
		<subfield code="6">880-06</subfield>
		<subfield code="t">Khorizont</subfield>
		<subfield code="w">(DLC)   74648643</subfield>
		<subfield code="w">(OCoLC)1796669</subfield>
	  </datafield>
	  <datafield tag="850" ind1=" " ind2=" ">
		<subfield code="a">InU</subfield>
	  </datafield>
	  <datafield tag="880" ind1="0" ind2="0">
		<subfield code="a"></subfield>
	  </datafield>
	  <datafield tag="880" ind1=" " ind2=" ">
		<subfield code="a"></subfield>
	  </datafield>
	  <datafield tag="880" ind1="0" ind2=" ">
		<subfield code="a"></subfield>
	  </datafield>
	  <datafield tag="880" ind1=" " ind2=" ">
		<subfield code="a"></subfield>
	  </datafield>
	  <datafield tag="880" ind1=" " ind2=" ">
		<subfield code="a"></subfield>
	  </datafield>
	  <datafield tag="880" ind1="0" ind2="0">
		<subfield code="a"></subfield>
	  </datafield>
	  <datafield tag="035" ind1=" " ind2=" ">
		<subfield code="a">(OCoLC)ocm30212156</subfield>
	  </datafield>
	  <datafield tag="035" ind1=" " ind2=" ">
		<subfield code="a">(OCoLC)30212156</subfield>
	  </datafield>
	  <datafield tag="035" ind1=" " ind2=" ">
		<subfield code="a">(OCoLC)ocm30212156</subfield>
	  </datafield>
	  <datafield tag="035" ind1=" " ind2=" ">
		<subfield code="a">(InU)ACL4260BB</subfield>
	  </datafield>
	  <datafield tag="591" ind1=" " ind2=" ">
		<subfield code="a"></subfield>
	  </datafield>
	  <datafield tag="596" ind1=" " ind2=" ">
		<subfield code="a">1</subfield>
	  </datafield>
	  <datafield tag="999" ind1=" " ind2=" ">
		<subfield code="a">PG1000 .K462 v.1-3 1991-1993</subfield>
		<subfield code="w">LC</subfield>
		<subfield code="c">1</subfield>
		<subfield code="i">30000028584286</subfield>
		<subfield code="d">11/3/2009</subfield>
		<subfield code="e">9/17/2009</subfield>
		<subfield code="l">_RCSTACKS</subfield>
		<subfield code="m">B-WELLS</subfield>
		<subfield code="r">Y</subfield>
		<subfield code="s">Y</subfield>
		<subfield code="t">PERIOD</subfield>
		<subfield code="u">11/5/2000</subfield>
	  </datafield>
	  <datafield tag="999" ind1=" " ind2=" ">
		<subfield code="a">PG1000 .K462 v.4 1994</subfield>
		<subfield code="w">LC</subfield>
		<subfield code="c">1</subfield>
		<subfield code="i">30000046074740</subfield>
		<subfield code="d">11/3/2009</subfield>
		<subfield code="e">9/17/2009</subfield>
		<subfield code="l">_RCSTACKS</subfield>
		<subfield code="m">B-WELLS</subfield>
		<subfield code="q">1</subfield>
		<subfield code="r">Y</subfield>
		<subfield code="s">Y</subfield>
		<subfield code="t">PERIOD</subfield>
		<subfield code="u">11/5/2000</subfield>
	  </datafield>
	  <datafield tag="999" ind1=" " ind2=" ">
		<subfield code="a">PG1000 .K462 v.6 1996</subfield>
		<subfield code="w">LC</subfield>
		<subfield code="c">1</subfield>
		<subfield code="i">30000046132555</subfield>
		<subfield code="d">11/3/2009</subfield>
		<subfield code="e">9/17/2009</subfield>
		<subfield code="l">_RCSTACKS</subfield>
		<subfield code="m">B-WELLS</subfield>
		<subfield code="r">Y</subfield>
		<subfield code="s">Y</subfield>
		<subfield code="t">PERIOD</subfield>
		<subfield code="u">11/5/2000</subfield>
	  </datafield>
	  <datafield tag="999" ind1=" " ind2=" ">
		<subfield code="a">PG1000 .K462 v.7 1997</subfield>
		<subfield code="w">LC</subfield>
		<subfield code="c">1</subfield>
		<subfield code="i">30000088000983</subfield>
		<subfield code="d">11/3/2009</subfield>
		<subfield code="e">9/17/2009</subfield>
		<subfield code="l">_RCSTACKS</subfield>
		<subfield code="m">B-WELLS</subfield>
		<subfield code="q">3</subfield>
		<subfield code="r">Y</subfield>
		<subfield code="s">Y</subfield>
		<subfield code="t">PERIOD</subfield>
		<subfield code="u">7/21/2003</subfield>
	  </datafield>
	</record>