
	<record>
	  <leader>05092cas a2200793 a 45 0</leader>
	  <controlfield tag="001">a247472</controlfield>
	  <controlfield tag="003">InU</controlfield>
	  <controlfield tag="008">841019c19uu9999nyuuu1        0   a0eng  </controlfield>
	  <datafield tag="010" ind1=" " ind2=" ">
		<subfield code="a">   84649322</subfield>
	  </datafield>
	  <datafield tag="022" ind1="0" ind2=" ">
		<subfield code="a">0145-8744</subfield>
	  </datafield>
	  <datafield tag="035" ind1=" " ind2=" ">
		<subfield code="a">(InU)ACJ9975BW</subfield>
	  </datafield>
	  <datafield tag="035" ind1=" " ind2=" ">
		<subfield code="a">(OCoLC)ocm11285827</subfield>
	  </datafield>
	  <datafield tag="040" ind1=" " ind2=" ">
		<subfield code="a">DLC</subfield>
		<subfield code="c">DLC</subfield>
		<subfield code="d">NSD</subfield>
		<subfield code="d">DLC</subfield>
		<subfield code="d">m/c</subfield>
		<subfield code="d">HUL</subfield>
	  </datafield>
	  <datafield tag="043" ind1=" " ind2=" ">
		<subfield code="a">n-us---</subfield>
	  </datafield>
	  <datafield tag="049" ind1=" " ind2=" ">
		<subfield code="a">IUBA</subfield>
	  </datafield>
	  <datafield tag="050" ind1="0" ind2="0">
		<subfield code="a">KF1444</subfield>
		<subfield code="b">.Z9 S42</subfield>
	  </datafield>
	  <datafield tag="210" ind1="0" ind2=" ">
		<subfield code="a">SEC speaks</subfield>
	  </datafield>
	  <datafield tag="212" ind1="0" ind2=" ">
		<subfield code="a">Securities and Exchange Commission speaks</subfield>
	  </datafield>
	  <datafield tag="222" ind1="0" ind2="4">
		<subfield code="a">The SEC speaks</subfield>
	  </datafield>
	  <datafield tag="245" ind1="0" ind2="4">
		<subfield code="a">The SEC speaks in ...</subfield>
	  </datafield>
	  <datafield tag="246" ind1="1" ind2="0">
		<subfield code="a">S.E.C. speaks in ...</subfield>
	  </datafield>
	  <datafield tag="260" ind1="0" ind2="0">
		<subfield code="a">New York, N.Y. :</subfield>
		<subfield code="b">Practising Law Institute,</subfield>
	  </datafield>
	  <datafield tag="300" ind1=" " ind2=" ">
		<subfield code="a">v. ;</subfield>
		<subfield code="c">22 cm.</subfield>
	  </datafield>
	  <datafield tag="490" ind1="1" ind2=" ">
		<subfield code="a">&lt;1991-&gt;: Corporate law and practice course handbook series</subfield>
	  </datafield>
	  <datafield tag="500" ind1=" " ind2=" ">
		<subfield code="a">At head of title: Course materials.</subfield>
	  </datafield>
	  <datafield tag="500" ind1=" " ind2=" ">
		<subfield code="a">Description based on: 1984.</subfield>
	  </datafield>
	  <datafield tag="515" ind1=" " ind2=" ">
		<subfield code="a">Issued in 2 v., &lt;1991-&gt;</subfield>
	  </datafield>
	  <datafield tag="550" ind1="0" ind2=" ">
		<subfield code="a">Prepared by: Securities and Exchange Commission.</subfield>
	  </datafield>
	  <datafield tag="591" ind1=" " ind2=" ">
		<subfield code="a"></subfield>
	  </datafield>
	  <datafield tag="650" ind1=" " ind2="0">
		<subfield code="a">Securities</subfield>
		<subfield code="z">United States.</subfield>
	  </datafield>
	  <datafield tag="610" ind1="1" ind2="0">
		<subfield code="a">United States.</subfield>
		<subfield code="b">Securities and Exchange Commission.</subfield>
		<subfield code="w">cn</subfield>
	  </datafield>
	  <datafield tag="710" ind1="1" ind2="0">
		<subfield code="a">United States.</subfield>
		<subfield code="b">Securities and Exchange Commission.</subfield>
		<subfield code="w">cn</subfield>
	  </datafield>
	  <datafield tag="710" ind1="2" ind2="1">
		<subfield code="a">Practising Law Institute.</subfield>
		<subfield code="w">cn</subfield>
	  </datafield>
	  <datafield tag="780" ind1="0" ind2="0">
		<subfield code="a">United States.  Securities and Exchange Commission.</subfield>
		<subfield code="t">SEC speaks</subfield>
		<subfield code="x">0145-8744</subfield>
		<subfield code="w">(DLC)   75316865</subfield>
		<subfield code="w">(OCoLC)2806085</subfield>
	  </datafield>
	  <datafield tag="830" ind1=" " ind2="0">
		<subfield code="a">Corporate law and practice course handbook series</subfield>
	  </datafield>
	  <datafield tag="850" ind1=" " ind2=" ">
		<subfield code="a">DLC</subfield>
		<subfield code="a">MH-L</subfield>
	  </datafield>
	  <datafield tag="890" ind1=" " ind2=" ">
		<subfield code="a">SEC speaks in ...</subfield>
	  </datafield>
	  <datafield tag="998" ind1=" " ind2=" ">
		<subfield code="a">3/20/1992</subfield>
		<subfield code="b">3/20/1992</subfield>
		<subfield code="c">3/20/1992</subfield>
	  </datafield>
	  <datafield tag="596" ind1=" " ind2=" ">
		<subfield code="a">17</subfield>
	  </datafield>
	  <datafield tag="999" ind1=" " ind2=" ">
		<subfield code="a">KF1444 .Z9 S42 1991 v.1</subfield>
		<subfield code="w">LC</subfield>
		<subfield code="c">1</subfield>
		<subfield code="i">30000002443293</subfield>
		<subfield code="l">_BLAWGENCL</subfield>
		<subfield code="m">B-LAW</subfield>
		<subfield code="r">Y</subfield>
		<subfield code="s">Y</subfield>
		<subfield code="t">NORMAL</subfield>
		<subfield code="u">11/5/2000</subfield>
	  </datafield>
	  <datafield tag="999" ind1=" " ind2=" ">
		<subfield code="a">KF1444 .Z9 S42 1991 v.2</subfield>
		<subfield code="w">LC</subfield>
		<subfield code="c">1</subfield>
		<subfield code="i">30000002443301</subfield>
		<subfield code="l">_BLAWGENCL</subfield>
		<subfield code="m">B-LAW</subfield>
		<subfield code="r">Y</subfield>
		<subfield code="s">Y</subfield>
		<subfield code="t">NORMAL</subfield>
		<subfield code="u">11/5/2000</subfield>
	  </datafield>
	  <datafield tag="999" ind1=" " ind2=" ">
		<subfield code="a">KF1444 .Z9 S42 1992 v.1</subfield>
		<subfield code="w">LC</subfield>
		<subfield code="c">1</subfield>
		<subfield code="i">30000008684809</subfield>
		<subfield code="l">_BLAWGENCL</subfield>
		<subfield code="m">B-LAW</subfield>
		<subfield code="r">Y</subfield>
		<subfield code="s">Y</subfield>
		<subfield code="t">NORMAL</subfield>
		<subfield code="u">11/5/2000</subfield>
	  </datafield>
	  <datafield tag="999" ind1=" " ind2=" ">
		<subfield code="a">KF1444 .Z9 S42 1992 v.2</subfield>
		<subfield code="w">LC</subfield>
		<subfield code="c">1</subfield>
		<subfield code="i">30000029603754</subfield>
		<subfield code="d">5/6/1994</subfield>
		<subfield code="l">_BLAWGENCL</subfield>
		<subfield code="m">B-LAW</subfield>
		<subfield code="n">1</subfield>
		<subfield code="q">1</subfield>
		<subfield code="r">Y</subfield>
		<subfield code="s">Y</subfield>
		<subfield code="t">NORMAL</subfield>
		<subfield code="u">11/5/2000</subfield>
	  </datafield>
	  <datafield tag="999" ind1=" " ind2=" ">
		<subfield code="a">KF1444 .Z9 S42 1993 v.1</subfield>
		<subfield code="w">LC</subfield>
		<subfield code="c">1</subfield>
		<subfield code="i">30000039807908</subfield>
		<subfield code="d">5/16/2003</subfield>
		<subfield code="l">_BLAWGENCL</subfield>
		<subfield code="m">B-LAW</subfield>
		<subfield code="n">2</subfield>
		<subfield code="q">1</subfield>
		<subfield code="r">Y</subfield>
		<subfield code="s">Y</subfield>
		<subfield code="t">NORMAL</subfield>
		<subfield code="u">11/5/2000</subfield>
	  </datafield>
	  <datafield tag="999" ind1=" " ind2=" ">
		<subfield code="a">KF1444 .Z9 S42 1993 v.2</subfield>
		<subfield code="w">LC</subfield>
		<subfield code="c">1</subfield>
		<subfield code="i">30000039807916</subfield>
		<subfield code="d">5/6/1994</subfield>
		<subfield code="l">_BLAWGENCL</subfield>
		<subfield code="m">B-LAW</subfield>
		<subfield code="n">4</subfield>
		<subfield code="r">Y</subfield>
		<subfield code="s">Y</subfield>
		<subfield code="t">NORMAL</subfield>
		<subfield code="u">11/5/2000</subfield>
	  </datafield>
	  <datafield tag="999" ind1=" " ind2=" ">
		<subfield code="a">KF1444 .Z9 S42 1994 v.1</subfield>
		<subfield code="w">LC</subfield>
		<subfield code="c">1</subfield>
		<subfield code="i">30000038997189</subfield>
		<subfield code="d">12/12/1994</subfield>
		<subfield code="l">_BLAWGENCL</subfield>
		<subfield code="m">B-LAW</subfield>
		<subfield code="n">1</subfield>
		<subfield code="r">Y</subfield>
		<subfield code="s">Y</subfield>
		<subfield code="t">NORMAL</subfield>
		<subfield code="u">11/5/2000</subfield>
	  </datafield>
	  <datafield tag="999" ind1=" " ind2=" ">
		<subfield code="a">KF1444 .Z9 S42 1994 v.2</subfield>
		<subfield code="w">LC</subfield>
		<subfield code="c">1</subfield>
		<subfield code="i">30000038997197</subfield>
		<subfield code="d">12/7/1994</subfield>
		<subfield code="l">_BLAWGENCL</subfield>
		<subfield code="m">B-LAW</subfield>
		<subfield code="n">1</subfield>
		<subfield code="r">Y</subfield>
		<subfield code="s">Y</subfield>
		<subfield code="t">NORMAL</subfield>
		<subfield code="u">11/5/2000</subfield>
	  </datafield>
	  <datafield tag="999" ind1=" " ind2=" ">
		<subfield code="a">KF1444 .Z9 S42 1995 v.1</subfield>
		<subfield code="w">LC</subfield>
		<subfield code="c">1</subfield>
		<subfield code="i">30000007928553</subfield>
		<subfield code="d">4/27/1995</subfield>
		<subfield code="l">_BLAWGENCL</subfield>
		<subfield code="m">B-LAW</subfield>
		<subfield code="n">1</subfield>
		<subfield code="r">Y</subfield>
		<subfield code="s">Y</subfield>
		<subfield code="t">NORMAL</subfield>
		<subfield code="u">11/5/2000</subfield>
	  </datafield>
	  <datafield tag="999" ind1=" " ind2=" ">
		<subfield code="a">KF1444 .Z9 S42 1995 v.2</subfield>
		<subfield code="w">LC</subfield>
		<subfield code="c">1</subfield>
		<subfield code="i">30000007928561</subfield>
		<subfield code="d">4/27/1995</subfield>
		<subfield code="l">_BLAWGENCL</subfield>
		<subfield code="m">B-LAW</subfield>
		<subfield code="n">1</subfield>
		<subfield code="r">Y</subfield>
		<subfield code="s">Y</subfield>
		<subfield code="t">NORMAL</subfield>
		<subfield code="u">11/5/2000</subfield>
	  </datafield>
	  <datafield tag="999" ind1=" " ind2=" ">
		<subfield code="a">KF1444 .Z9 S42 1995 v.3</subfield>
		<subfield code="w">LC</subfield>
		<subfield code="c">1</subfield>
		<subfield code="i">30000007928579</subfield>
		<subfield code="d">4/27/1995</subfield>
		<subfield code="l">_BLAWGENCL</subfield>
		<subfield code="m">B-LAW</subfield>
		<subfield code="n">1</subfield>
		<subfield code="r">Y</subfield>
		<subfield code="s">Y</subfield>
		<subfield code="t">NORMAL</subfield>
		<subfield code="u">11/5/2000</subfield>
	  </datafield>
	  <datafield tag="999" ind1=" " ind2=" ">
		<subfield code="a">KF1444 .Z9 S42 1996 v.1</subfield>
		<subfield code="w">LC</subfield>
		<subfield code="c">1</subfield>
		<subfield code="i">30000047397876</subfield>
		<subfield code="d">5/9/1996</subfield>
		<subfield code="l">_BLAWGENCL</subfield>
		<subfield code="m">B-LAW</subfield>
		<subfield code="n">1</subfield>
		<subfield code="r">Y</subfield>
		<subfield code="s">Y</subfield>
		<subfield code="t">NORMAL</subfield>
		<subfield code="u">11/5/2000</subfield>
	  </datafield>
	  <datafield tag="999" ind1=" " ind2=" ">
		<subfield code="a">KF1444 .Z9 S42 1996 v.2</subfield>
		<subfield code="w">LC</subfield>
		<subfield code="c">1</subfield>
		<subfield code="i">30000047397884</subfield>
		<subfield code="d">5/9/1996</subfield>
		<subfield code="l">_BLAWGENCL</subfield>
		<subfield code="m">B-LAW</subfield>
		<subfield code="n">1</subfield>
		<subfield code="r">Y</subfield>
		<subfield code="s">Y</subfield>
		<subfield code="t">NORMAL</subfield>
		<subfield code="u">11/5/2000</subfield>
	  </datafield>
	  <datafield tag="999" ind1=" " ind2=" ">
		<subfield code="a">KF1444 .Z9 S42 1996 v.3</subfield>
		<subfield code="w">LC</subfield>
		<subfield code="c">1</subfield>
		<subfield code="i">30000047397892</subfield>
		<subfield code="d">5/9/1996</subfield>
		<subfield code="l">_BLAWGENCL</subfield>
		<subfield code="m">B-LAW</subfield>
		<subfield code="n">1</subfield>
		<subfield code="r">Y</subfield>
		<subfield code="s">Y</subfield>
		<subfield code="t">NORMAL</subfield>
		<subfield code="u">11/5/2000</subfield>
	  </datafield>
	  <datafield tag="999" ind1=" " ind2=" ">
		<subfield code="a">KF1444 .Z9 S42 1998 v.1</subfield>
		<subfield code="w">LC</subfield>
		<subfield code="c">1</subfield>
		<subfield code="i">30000046902643</subfield>
		<subfield code="d">4/23/1998</subfield>
		<subfield code="l">_BLAWGENCL</subfield>
		<subfield code="m">B-LAW</subfield>
		<subfield code="n">1</subfield>
		<subfield code="r">Y</subfield>
		<subfield code="s">Y</subfield>
		<subfield code="t">NORMAL</subfield>
		<subfield code="u">11/5/2000</subfield>
	  </datafield>
	  <datafield tag="999" ind1=" " ind2=" ">
		<subfield code="a">KF1444 .Z9 S42 1998 v.2</subfield>
		<subfield code="w">LC</subfield>
		<subfield code="c">1</subfield>
		<subfield code="i">30000046902650</subfield>
		<subfield code="d">4/23/1998</subfield>
		<subfield code="l">_BLAWGENCL</subfield>
		<subfield code="m">B-LAW</subfield>
		<subfield code="n">1</subfield>
		<subfield code="r">Y</subfield>
		<subfield code="s">Y</subfield>
		<subfield code="t">NORMAL</subfield>
		<subfield code="u">11/5/2000</subfield>
	  </datafield>
	  <datafield tag="999" ind1=" " ind2=" ">
		<subfield code="a">KF1444 .Z9 S42 1998 v.3</subfield>
		<subfield code="w">LC</subfield>
		<subfield code="c">1</subfield>
		<subfield code="i">30000046902668</subfield>
		<subfield code="d">4/23/1998</subfield>
		<subfield code="l">_BLAWGENCL</subfield>
		<subfield code="m">B-LAW</subfield>
		<subfield code="n">1</subfield>
		<subfield code="r">Y</subfield>
		<subfield code="s">Y</subfield>
		<subfield code="t">NORMAL</subfield>
		<subfield code="u">11/5/2000</subfield>
	  </datafield>
	  <datafield tag="999" ind1=" " ind2=" ">
		<subfield code="a">KF1444 .Z9 S42 1999 v.1</subfield>
		<subfield code="w">LC</subfield>
		<subfield code="c">1</subfield>
		<subfield code="i">30000070214766</subfield>
		<subfield code="d">4/16/1999</subfield>
		<subfield code="l">_BLAWGENCL</subfield>
		<subfield code="m">B-LAW</subfield>
		<subfield code="n">1</subfield>
		<subfield code="r">Y</subfield>
		<subfield code="s">Y</subfield>
		<subfield code="t">NORMAL</subfield>
		<subfield code="u">11/5/2000</subfield>
	  </datafield>
	  <datafield tag="999" ind1=" " ind2=" ">
		<subfield code="a">KF1444 .Z9 S42 1999 v.2</subfield>
		<subfield code="w">LC</subfield>
		<subfield code="c">1</subfield>
		<subfield code="i">30000070214774</subfield>
		<subfield code="d">4/16/1999</subfield>
		<subfield code="l">_BLAWGENCL</subfield>
		<subfield code="m">B-LAW</subfield>
		<subfield code="n">1</subfield>
		<subfield code="r">Y</subfield>
		<subfield code="s">Y</subfield>
		<subfield code="t">NORMAL</subfield>
		<subfield code="u">11/5/2000</subfield>
	  </datafield>
	  <datafield tag="999" ind1=" " ind2=" ">
		<subfield code="a">KF1444 .Z9 S42 1999 v.3</subfield>
		<subfield code="w">LC</subfield>
		<subfield code="c">1</subfield>
		<subfield code="i">30000070214782</subfield>
		<subfield code="d">4/16/1999</subfield>
		<subfield code="l">_BLAWGENCL</subfield>
		<subfield code="m">B-LAW</subfield>
		<subfield code="n">1</subfield>
		<subfield code="r">Y</subfield>
		<subfield code="s">Y</subfield>
		<subfield code="t">NORMAL</subfield>
		<subfield code="u">11/5/2000</subfield>
	  </datafield>
	  <datafield tag="999" ind1=" " ind2=" ">
		<subfield code="a">KF1444 .Z9 S42 2000 v.1</subfield>
		<subfield code="w">LC</subfield>
		<subfield code="c">1</subfield>
		<subfield code="i">30000070548783</subfield>
		<subfield code="d">9/8/2000</subfield>
		<subfield code="l">_BLAWGENCL</subfield>
		<subfield code="m">B-LAW</subfield>
		<subfield code="n">1</subfield>
		<subfield code="r">Y</subfield>
		<subfield code="s">Y</subfield>
		<subfield code="t">NORMAL</subfield>
		<subfield code="u">11/5/2000</subfield>
	  </datafield>
	  <datafield tag="999" ind1=" " ind2=" ">
		<subfield code="a">KF1444 .Z9 S42 2000 v.2</subfield>
		<subfield code="w">LC</subfield>
		<subfield code="c">1</subfield>
		<subfield code="i">30000070548775</subfield>
		<subfield code="d">8/31/2000</subfield>
		<subfield code="l">_BLAWGENCL</subfield>
		<subfield code="m">B-LAW</subfield>
		<subfield code="n">1</subfield>
		<subfield code="r">Y</subfield>
		<subfield code="s">Y</subfield>
		<subfield code="t">NORMAL</subfield>
		<subfield code="u">11/5/2000</subfield>
	  </datafield>
	  <datafield tag="999" ind1=" " ind2=" ">
		<subfield code="a">BWACJ997511</subfield>
		<subfield code="w">LC</subfield>
		<subfield code="c">1</subfield>
		<subfield code="i">247472-24001</subfield>
		<subfield code="l">_BLAWGENCL</subfield>
		<subfield code="m">B-LAW</subfield>
		<subfield code="r">Y</subfield>
		<subfield code="s">Y</subfield>
		<subfield code="t">NORMAL</subfield>
		<subfield code="u">12/13/2000</subfield>
	  </datafield>
	  <datafield tag="999" ind1=" " ind2=" ">
		<subfield code="a">KF1444 .Z9 S42 2001 v.1</subfield>
		<subfield code="w">LC</subfield>
		<subfield code="c">1</subfield>
		<subfield code="i">30000071127538</subfield>
		<subfield code="d">6/4/2001</subfield>
		<subfield code="e">5/3/2001</subfield>
		<subfield code="l">_BLAWGENCL</subfield>
		<subfield code="m">B-LAW</subfield>
		<subfield code="r">Y</subfield>
		<subfield code="s">Y</subfield>
		<subfield code="t">NORMAL</subfield>
		<subfield code="u">4/18/2001</subfield>
	  </datafield>
	  <datafield tag="999" ind1=" " ind2=" ">
		<subfield code="a">KF1444 .Z9 S42 2001 v.2</subfield>
		<subfield code="w">LC</subfield>
		<subfield code="c">1</subfield>
		<subfield code="i">30000071127520</subfield>
		<subfield code="d">6/4/2001</subfield>
		<subfield code="e">5/3/2001</subfield>
		<subfield code="l">_BLAWGENCL</subfield>
		<subfield code="m">B-LAW</subfield>
		<subfield code="r">Y</subfield>
		<subfield code="s">Y</subfield>
		<subfield code="t">NORMAL</subfield>
		<subfield code="u">4/18/2001</subfield>
	  </datafield>
	  <datafield tag="999" ind1=" " ind2=" ">
		<subfield code="a">KF1444 .Z9 S42 1974</subfield>
		<subfield code="w">LC</subfield>
		<subfield code="c">1</subfield>
		<subfield code="i">30000071117687</subfield>
		<subfield code="d">9/24/2001</subfield>
		<subfield code="e">8/27/2001</subfield>
		<subfield code="l">_BLAWGENCL</subfield>
		<subfield code="m">B-LAW</subfield>
		<subfield code="r">Y</subfield>
		<subfield code="s">Y</subfield>
		<subfield code="t">NORMAL</subfield>
		<subfield code="u">8/20/2001</subfield>
	  </datafield>
	  <datafield tag="999" ind1=" " ind2=" ">
		<subfield code="a">KF1444 .Z9 S42 2002 v.1</subfield>
		<subfield code="w">LC</subfield>
		<subfield code="c">1</subfield>
		<subfield code="i">30000080933082</subfield>
		<subfield code="d">5/7/2002</subfield>
		<subfield code="e">4/8/2002</subfield>
		<subfield code="l">_BLAWGENCL</subfield>
		<subfield code="m">B-LAW</subfield>
		<subfield code="r">Y</subfield>
		<subfield code="s">Y</subfield>
		<subfield code="t">NORMAL</subfield>
		<subfield code="u">4/5/2002</subfield>
	  </datafield>
	  <datafield tag="999" ind1=" " ind2=" ">
		<subfield code="a">KF1444 .Z9 S42 2002 v.2</subfield>
		<subfield code="w">LC</subfield>
		<subfield code="c">1</subfield>
		<subfield code="i">30000080933090</subfield>
		<subfield code="d">11/27/2002</subfield>
		<subfield code="e">11/14/2002</subfield>
		<subfield code="l">_BLAWGENCL</subfield>
		<subfield code="m">B-LAW</subfield>
		<subfield code="n">1</subfield>
		<subfield code="r">Y</subfield>
		<subfield code="s">Y</subfield>
		<subfield code="t">NORMAL</subfield>
		<subfield code="u">4/5/2002</subfield>
	  </datafield>
	  <datafield tag="999" ind1=" " ind2=" ">
		<subfield code="a">KF1444 .Z9 S42 2003 v.1</subfield>
		<subfield code="w">LC</subfield>
		<subfield code="c">1</subfield>
		<subfield code="i">30000087983809</subfield>
		<subfield code="d">4/25/2003</subfield>
		<subfield code="e">3/24/2003</subfield>
		<subfield code="l">_BLAWGENCL</subfield>
		<subfield code="m">B-LAW</subfield>
		<subfield code="r">Y</subfield>
		<subfield code="s">Y</subfield>
		<subfield code="t">NORMAL</subfield>
		<subfield code="u">3/20/2003</subfield>
	  </datafield>
	  <datafield tag="999" ind1=" " ind2=" ">
		<subfield code="a">KF1444 .Z9 S42 2003 v.2</subfield>
		<subfield code="w">LC</subfield>
		<subfield code="c">1</subfield>
		<subfield code="i">30000087983817</subfield>
		<subfield code="d">4/25/2003</subfield>
		<subfield code="e">3/24/2003</subfield>
		<subfield code="l">_BLAWGENCL</subfield>
		<subfield code="m">B-LAW</subfield>
		<subfield code="r">Y</subfield>
		<subfield code="s">Y</subfield>
		<subfield code="t">NORMAL</subfield>
		<subfield code="u">3/20/2003</subfield>
	  </datafield>
	</record>