
	<record>
	  <leader>04412cas a2200625 a 45 0</leader>
	  <controlfield tag="001">a248833</controlfield>
	  <controlfield tag="003">InU</controlfield>
	  <controlfield tag="008">950825c19929999nyumr p       0    0eng d</controlfield>
	  <datafield tag="035" ind1=" " ind2=" ">
		<subfield code="a">(InU)ACK2352ID</subfield>
	  </datafield>
	  <datafield tag="035" ind1=" " ind2=" ">
		<subfield code="a">(OCoLC)ocm33041662</subfield>
	  </datafield>
	  <datafield tag="040" ind1=" " ind2=" ">
		<subfield code="a">IUD</subfield>
		<subfield code="c">IUD</subfield>
	  </datafield>
	  <datafield tag="043" ind1=" " ind2=" ">
		<subfield code="a">n-us-ny</subfield>
	  </datafield>
	  <datafield tag="049" ind1=" " ind2=" ">
		<subfield code="a">IUDB</subfield>
	  </datafield>
	  <datafield tag="245" ind1="0" ind2="0">
		<subfield code="a">SDDS bulletin.</subfield>
	  </datafield>
	  <datafield tag="260" ind1=" " ind2=" ">
		<subfield code="a">Brooklyn, N.Y. :</subfield>
		<subfield code="b">Second District Dental Society,</subfield>
		<subfield code="c">1992-</subfield>
	  </datafield>
	  <datafield tag="300" ind1=" " ind2=" ">
		<subfield code="a">v. ;</subfield>
		<subfield code="b">ill. ;</subfield>
		<subfield code="c">28 cm.</subfield>
	  </datafield>
	  <datafield tag="310" ind1=" " ind2=" ">
		<subfield code="a">10 issues yearly,</subfield>
		<subfield code="b">&lt;1996-  &gt;</subfield>
	  </datafield>
	  <datafield tag="321" ind1=" " ind2=" ">
		<subfield code="a">Monthly,</subfield>
		<subfield code="b">1992-</subfield>
	  </datafield>
	  <datafield tag="362" ind1="1" ind2=" ">
		<subfield code="a">Vol. 9, no. 6 (Mar. 1992)-</subfield>
	  </datafield>
	  <datafield tag="500" ind1=" " ind2=" ">
		<subfield code="a">Title from caption.</subfield>
	  </datafield>
	  <datafield tag="650" ind1=" " ind2="2">
		<subfield code="a">Dentistry</subfield>
		<subfield code="v">Periodicals</subfield>
	  </datafield>
	  <datafield tag="650" ind1=" " ind2="2">
		<subfield code="a">Societies, Dental</subfield>
		<subfield code="z">New York</subfield>
		<subfield code="x">periodicals.</subfield>
	  </datafield>
	  <datafield tag="710" ind1="2" ind2=" ">
		<subfield code="a">Second District Dental Society of the State of New York.</subfield>
	  </datafield>
	  <datafield tag="780" ind1="0" ind2="0">
		<subfield code="s">Bulletin of the Second District Dental Society (Brooklyn, N.Y. : 1946)</subfield>
	  </datafield>
	  <datafield tag="998" ind1=" " ind2=" ">
		<subfield code="a">3/24/1992</subfield>
		<subfield code="b">3/7/1997</subfield>
		<subfield code="c">3/24/1992</subfield>
	  </datafield>
	  <datafield tag="596" ind1=" " ind2=" ">
		<subfield code="a">38</subfield>
	  </datafield>
	  <datafield tag="999" ind1=" " ind2=" ">
		<subfield code="a">XX(248833.2) v.9 1992</subfield>
		<subfield code="w">ALPHANUM</subfield>
		<subfield code="c">1</subfield>
		<subfield code="i">30000025730445</subfield>
		<subfield code="l">JOURNALS</subfield>
		<subfield code="m">I-DENTSTRY</subfield>
		<subfield code="r">Y</subfield>
		<subfield code="s">Y</subfield>
		<subfield code="t">PERIOD</subfield>
		<subfield code="u">11/5/2000</subfield>
		<subfield code="o">.STAFF.  1992</subfield>
	  </datafield>
	  <datafield tag="999" ind1=" " ind2=" ">
		<subfield code="a">XX(248833.3) v.10 1992/1993</subfield>
		<subfield code="w">ALPHANUM</subfield>
		<subfield code="c">1</subfield>
		<subfield code="i">30000003724956</subfield>
		<subfield code="l">JOURNALS</subfield>
		<subfield code="m">I-DENTSTRY</subfield>
		<subfield code="r">Y</subfield>
		<subfield code="s">Y</subfield>
		<subfield code="t">PERIOD</subfield>
		<subfield code="u">11/5/2000</subfield>
		<subfield code="o">.STAFF.  1992/1993</subfield>
	  </datafield>
	  <datafield tag="999" ind1=" " ind2=" ">
		<subfield code="a">XX(248833.4) v.11 1993/1994</subfield>
		<subfield code="w">ALPHANUM</subfield>
		<subfield code="c">1</subfield>
		<subfield code="i">30000025728720</subfield>
		<subfield code="l">JOURNALS</subfield>
		<subfield code="m">I-DENTSTRY</subfield>
		<subfield code="r">Y</subfield>
		<subfield code="s">Y</subfield>
		<subfield code="t">PERIOD</subfield>
		<subfield code="u">11/5/2000</subfield>
		<subfield code="o">.STAFF.  1993/1994</subfield>
	  </datafield>
	  <datafield tag="999" ind1=" " ind2=" ">
		<subfield code="a">XX(248833.5) v.12 1995</subfield>
		<subfield code="w">ALPHANUM</subfield>
		<subfield code="c">1</subfield>
		<subfield code="i">30000025760541</subfield>
		<subfield code="l">JOURNALS</subfield>
		<subfield code="m">I-DENTSTRY</subfield>
		<subfield code="r">Y</subfield>
		<subfield code="s">Y</subfield>
		<subfield code="t">PERIOD</subfield>
		<subfield code="u">11/5/2000</subfield>
		<subfield code="o">.STAFF.  1995</subfield>
	  </datafield>
	  <datafield tag="999" ind1=" " ind2=" ">
		<subfield code="a">XX(248833.6) v.13 1996</subfield>
		<subfield code="w">ALPHANUM</subfield>
		<subfield code="c">1</subfield>
		<subfield code="i">30000007373743</subfield>
		<subfield code="l">JOURNALS</subfield>
		<subfield code="m">I-DENTSTRY</subfield>
		<subfield code="r">Y</subfield>
		<subfield code="s">Y</subfield>
		<subfield code="t">PERIOD</subfield>
		<subfield code="u">11/5/2000</subfield>
		<subfield code="o">.STAFF.  1996</subfield>
	  </datafield>
	  <datafield tag="999" ind1=" " ind2=" ">
		<subfield code="a">XX(248833.7) v.16 1999</subfield>
		<subfield code="w">ALPHANUM</subfield>
		<subfield code="c">1</subfield>
		<subfield code="i">30000006423812</subfield>
		<subfield code="l">JOURNALS</subfield>
		<subfield code="m">I-DENTSTRY</subfield>
		<subfield code="r">Y</subfield>
		<subfield code="s">Y</subfield>
		<subfield code="t">PERIOD</subfield>
		<subfield code="u">11/5/2000</subfield>
		<subfield code="o">.STAFF.  1999</subfield>
	  </datafield>
	  <datafield tag="999" ind1=" " ind2=" ">
		<subfield code="a">XX(248833.10) v.14 1997</subfield>
		<subfield code="w">ALPHANUM</subfield>
		<subfield code="c">1</subfield>
		<subfield code="i">30000007387032</subfield>
		<subfield code="l">JOURNALS</subfield>
		<subfield code="m">I-DENTSTRY</subfield>
		<subfield code="r">Y</subfield>
		<subfield code="s">Y</subfield>
		<subfield code="t">PERIOD</subfield>
		<subfield code="u">11/5/2000</subfield>
		<subfield code="o">.STAFF.  1997</subfield>
	  </datafield>
	  <datafield tag="999" ind1=" " ind2=" ">
		<subfield code="a">XX(248833.11) v.15 1998</subfield>
		<subfield code="w">ALPHANUM</subfield>
		<subfield code="c">1</subfield>
		<subfield code="i">30000007363892</subfield>
		<subfield code="d">2/19/1997</subfield>
		<subfield code="l">JOURNALS</subfield>
		<subfield code="m">I-DENTSTRY</subfield>
		<subfield code="q">1</subfield>
		<subfield code="r">Y</subfield>
		<subfield code="s">Y</subfield>
		<subfield code="t">PERIOD</subfield>
		<subfield code="u">11/5/2000</subfield>
		<subfield code="o">.STAFF.  1998</subfield>
	  </datafield>
	  <datafield tag="999" ind1=" " ind2=" ">
		<subfield code="a">XX(248833.17) v.17 2000</subfield>
		<subfield code="w">ALPHANUM</subfield>
		<subfield code="c">1</subfield>
		<subfield code="i">30000060749201</subfield>
		<subfield code="l">JOURNALS</subfield>
		<subfield code="m">I-DENTSTRY</subfield>
		<subfield code="r">Y</subfield>
		<subfield code="s">Y</subfield>
		<subfield code="t">PERIOD</subfield>
		<subfield code="u">11/5/2000</subfield>
		<subfield code="o">.STAFF.  Oct 2000</subfield>
	  </datafield>
	  <datafield tag="999" ind1=" " ind2=" ">
		<subfield code="a">XX(248833.29) v.18 2001</subfield>
		<subfield code="w">ALPHANUM</subfield>
		<subfield code="c">1</subfield>
		<subfield code="i">30000060752262</subfield>
		<subfield code="l">JOURNALS</subfield>
		<subfield code="m">I-DENTSTRY</subfield>
		<subfield code="r">Y</subfield>
		<subfield code="s">Y</subfield>
		<subfield code="t">PERIOD</subfield>
		<subfield code="u">2/20/2002</subfield>
	  </datafield>
	  <datafield tag="999" ind1=" " ind2=" ">
		<subfield code="a">XX(248833.30) v.19 2002</subfield>
		<subfield code="w">ALPHANUM</subfield>
		<subfield code="c">1</subfield>
		<subfield code="i">30000060762337</subfield>
		<subfield code="l">JOURNALS</subfield>
		<subfield code="m">I-DENTSTRY</subfield>
		<subfield code="r">Y</subfield>
		<subfield code="s">Y</subfield>
		<subfield code="t">PERIOD</subfield>
		<subfield code="u">3/20/2003</subfield>
	  </datafield>
	  <datafield tag="999" ind1=" " ind2=" ">
		<subfield code="a">XX(248833.41) v.20 2003</subfield>
		<subfield code="w">ALPHANUM</subfield>
		<subfield code="c">1</subfield>
		<subfield code="i">30000060770579</subfield>
		<subfield code="l">JOURNALS</subfield>
		<subfield code="m">I-DENTSTRY</subfield>
		<subfield code="r">Y</subfield>
		<subfield code="s">Y</subfield>
		<subfield code="t">PERIOD</subfield>
		<subfield code="u">3/29/2004</subfield>
	  </datafield>
	  <datafield tag="999" ind1=" " ind2=" ">
		<subfield code="a">XX(248833.55) v.21 2004</subfield>
		<subfield code="w">ALPHANUM</subfield>
		<subfield code="c">1</subfield>
		<subfield code="i">30000060777756</subfield>
		<subfield code="l">JOURNALS</subfield>
		<subfield code="m">I-DENTSTRY</subfield>
		<subfield code="r">Y</subfield>
		<subfield code="s">Y</subfield>
		<subfield code="t">PERIOD</subfield>
		<subfield code="u">9/9/2005</subfield>
	  </datafield>
	  <datafield tag="999" ind1=" " ind2=" ">
		<subfield code="a">XX(248833.62)zv.22 2005</subfield>
		<subfield code="w">ALPHANUM</subfield>
		<subfield code="c">1</subfield>
		<subfield code="i">30000060783812</subfield>
		<subfield code="l">JOURNALS</subfield>
		<subfield code="m">I-DENTSTRY</subfield>
		<subfield code="r">Y</subfield>
		<subfield code="s">Y</subfield>
		<subfield code="t">PERIOD</subfield>
		<subfield code="u">6/22/2006</subfield>
	  </datafield>
	  <datafield tag="999" ind1=" " ind2=" ">
		<subfield code="a">XX(248833.73) v.23 2006</subfield>
		<subfield code="w">ALPHANUM</subfield>
		<subfield code="c">1</subfield>
		<subfield code="i">30000060794553</subfield>
		<subfield code="l">JOURNALS</subfield>
		<subfield code="m">I-DENTSTRY</subfield>
		<subfield code="r">Y</subfield>
		<subfield code="s">Y</subfield>
		<subfield code="t">PERIOD</subfield>
		<subfield code="u">1/4/2008</subfield>
	  </datafield>
	  <datafield tag="999" ind1=" " ind2=" ">
		<subfield code="a">XX(248833.85) v.24 2007</subfield>
		<subfield code="w">ALPHANUM</subfield>
		<subfield code="c">1</subfield>
		<subfield code="i">30000080057668</subfield>
		<subfield code="d">4/3/2009</subfield>
		<subfield code="e">3/16/2009</subfield>
		<subfield code="l">JOURNALS</subfield>
		<subfield code="m">I-DENTSTRY</subfield>
		<subfield code="r">Y</subfield>
		<subfield code="s">Y</subfield>
		<subfield code="t">PERIOD</subfield>
		<subfield code="u">3/12/2009</subfield>
	  </datafield>
	  <datafield tag="999" ind1=" " ind2=" ">
		<subfield code="a">XX(248833.86) v.25 2008</subfield>
		<subfield code="w">ALPHANUM</subfield>
		<subfield code="c">1</subfield>
		<subfield code="i">30000080057650</subfield>
		<subfield code="d">4/3/2009</subfield>
		<subfield code="e">3/16/2009</subfield>
		<subfield code="l">JOURNALS</subfield>
		<subfield code="m">I-DENTSTRY</subfield>
		<subfield code="r">Y</subfield>
		<subfield code="s">Y</subfield>
		<subfield code="t">PERIOD</subfield>
		<subfield code="u">3/12/2009</subfield>
	  </datafield>
	  <datafield tag="999" ind1=" " ind2=" ">
		<subfield code="a">V. 27 NO. 1 JAN 2010</subfield>
		<subfield code="w">ALPHANUM</subfield>
		<subfield code="c">1</subfield>
		<subfield code="i">30000025758669</subfield>
		<subfield code="l">JOURNALS</subfield>
		<subfield code="m">I-DENTSTRY</subfield>
		<subfield code="r">Y</subfield>
		<subfield code="s">Y</subfield>
		<subfield code="t">PERIOD</subfield>
		<subfield code="u">1/8/2010</subfield>
	  </datafield>
	  <datafield tag="999" ind1=" " ind2=" ">
		<subfield code="a">V. 27 NO. 2 FEB 2010</subfield>
		<subfield code="w">ALPHANUM</subfield>
		<subfield code="c">1</subfield>
		<subfield code="i">30000025758339</subfield>
		<subfield code="l">JOURNALS</subfield>
		<subfield code="m">I-DENTSTRY</subfield>
		<subfield code="r">Y</subfield>
		<subfield code="s">Y</subfield>
		<subfield code="t">PERIOD</subfield>
		<subfield code="u">2/19/2010</subfield>
	  </datafield>
	  <datafield tag="999" ind1=" " ind2=" ">
		<subfield code="a">V. 27 NO. 3 MARCH 2010</subfield>
		<subfield code="w">ALPHANUM</subfield>
		<subfield code="c">1</subfield>
		<subfield code="i">30000025778899</subfield>
		<subfield code="l">JOURNALS</subfield>
		<subfield code="m">I-DENTSTRY</subfield>
		<subfield code="r">Y</subfield>
		<subfield code="s">Y</subfield>
		<subfield code="t">PERIOD</subfield>
		<subfield code="u">3/15/2010</subfield>
	  </datafield>
	  <datafield tag="999" ind1=" " ind2=" ">
		<subfield code="a">XX(248833.98) v.26 2009</subfield>
		<subfield code="w">ALPHANUM</subfield>
		<subfield code="c">1</subfield>
		<subfield code="i">30000080059763</subfield>
		<subfield code="l">JOURNALS</subfield>
		<subfield code="m">I-DENTSTRY</subfield>
		<subfield code="r">Y</subfield>
		<subfield code="s">Y</subfield>
		<subfield code="t">PERIOD</subfield>
		<subfield code="u">3/26/2010</subfield>
	  </datafield>
	  <datafield tag="999" ind1=" " ind2=" ">
		<subfield code="a">V. 27 NO. 4 APR 2010</subfield>
		<subfield code="w">ALPHANUM</subfield>
		<subfield code="c">1</subfield>
		<subfield code="i">30000025767900</subfield>
		<subfield code="l">JOURNALS</subfield>
		<subfield code="m">I-DENTSTRY</subfield>
		<subfield code="r">Y</subfield>
		<subfield code="s">Y</subfield>
		<subfield code="t">PERIOD</subfield>
		<subfield code="u">4/13/2010</subfield>
	  </datafield>
	  <datafield tag="999" ind1=" " ind2=" ">
		<subfield code="a">V. 27 NO. 5 MAY 2010</subfield>
		<subfield code="w">ALPHANUM</subfield>
		<subfield code="c">1</subfield>
		<subfield code="i">30000025778204</subfield>
		<subfield code="l">JOURNALS</subfield>
		<subfield code="m">I-DENTSTRY</subfield>
		<subfield code="r">Y</subfield>
		<subfield code="s">Y</subfield>
		<subfield code="t">PERIOD</subfield>
		<subfield code="u">5/19/2010</subfield>
	  </datafield>
	  <datafield tag="999" ind1=" " ind2=" ">
		<subfield code="a">V. 27 NO. 6 JUN 2010</subfield>
		<subfield code="w">ALPHANUM</subfield>
		<subfield code="c">1</subfield>
		<subfield code="i">30000025757497</subfield>
		<subfield code="l">JOURNALS</subfield>
		<subfield code="m">I-DENTSTRY</subfield>
		<subfield code="r">Y</subfield>
		<subfield code="s">Y</subfield>
		<subfield code="t">PERIOD</subfield>
		<subfield code="u">6/16/2010</subfield>
	  </datafield>
	  <datafield tag="999" ind1=" " ind2=" ">
		<subfield code="a">V. 27 NO. 7 AUG 2010</subfield>
		<subfield code="w">ALPHANUM</subfield>
		<subfield code="c">1</subfield>
		<subfield code="i">30000025796958</subfield>
		<subfield code="l">JOURNALS</subfield>
		<subfield code="m">I-DENTSTRY</subfield>
		<subfield code="r">Y</subfield>
		<subfield code="s">Y</subfield>
		<subfield code="t">PERIOD</subfield>
		<subfield code="u">8/13/2010</subfield>
	  </datafield>
	  <datafield tag="999" ind1=" " ind2=" ">
		<subfield code="a">V. 27 NO. 8 OCT 2010</subfield>
		<subfield code="w">ALPHANUM</subfield>
		<subfield code="c">1</subfield>
		<subfield code="i">30000003687906</subfield>
		<subfield code="l">JOURNALS</subfield>
		<subfield code="m">I-DENTSTRY</subfield>
		<subfield code="r">Y</subfield>
		<subfield code="s">Y</subfield>
		<subfield code="t">PERIOD</subfield>
		<subfield code="u">10/8/2010</subfield>
	  </datafield>
	  <datafield tag="999" ind1=" " ind2=" ">
		<subfield code="a">V. 27 NO. 9 NOV 2010</subfield>
		<subfield code="w">ALPHANUM</subfield>
		<subfield code="c">1</subfield>
		<subfield code="i">30000025779285</subfield>
		<subfield code="l">JOURNALS</subfield>
		<subfield code="m">I-DENTSTRY</subfield>
		<subfield code="r">Y</subfield>
		<subfield code="s">Y</subfield>
		<subfield code="t">PERIOD</subfield>
		<subfield code="u">11/19/2010</subfield>
	  </datafield>
	  <datafield tag="999" ind1=" " ind2=" ">
		<subfield code="a">V. 27 NO. 10 DEC 2010</subfield>
		<subfield code="w">ALPHANUM</subfield>
		<subfield code="c">1</subfield>
		<subfield code="i">30000003696287</subfield>
		<subfield code="l">JOURNALS</subfield>
		<subfield code="m">I-DENTSTRY</subfield>
		<subfield code="r">Y</subfield>
		<subfield code="s">Y</subfield>
		<subfield code="t">PERIOD</subfield>
		<subfield code="u">12/13/2010</subfield>
	  </datafield>
	  <datafield tag="999" ind1=" " ind2=" ">
		<subfield code="a">V. 28 NO. 1 JAN 2011</subfield>
		<subfield code="w">ALPHANUM</subfield>
		<subfield code="c">1</subfield>
		<subfield code="i">30000025776695</subfield>
		<subfield code="l">JOURNALS</subfield>
		<subfield code="m">I-DENTSTRY</subfield>
		<subfield code="r">Y</subfield>
		<subfield code="s">Y</subfield>
		<subfield code="t">PERIOD</subfield>
		<subfield code="u">1/21/2011</subfield>
	  </datafield>
	</record>