
	<record>
	  <leader>01736cas a2200469   45 0</leader>
	  <controlfield tag="001">a248945</controlfield>
	  <controlfield tag="003">InU</controlfield>
	  <controlfield tag="008">800215d19751992vauqr   a o   0    0eng d</controlfield>
	  <controlfield tag="007">hduafb???buuu</controlfield>
	  <datafield tag="010" ind1=" " ind2=" ">
		<subfield code="a">sn 92028629</subfield>
	  </datafield>
	  <datafield tag="012" ind1=" " ind2=" ">
		<subfield code="i">9210</subfield>
	  </datafield>
	  <datafield tag="022" ind1=" " ind2=" ">
		<subfield code="a">0360-0939</subfield>
	  </datafield>
	  <datafield tag="035" ind1=" " ind2=" ">
		<subfield code="a">(InU)ACK2570KO</subfield>
	  </datafield>
	  <datafield tag="035" ind1=" " ind2=" ">
		<subfield code="a">(OCoLC)ocm05985494</subfield>
	  </datafield>
	  <datafield tag="040" ind1=" " ind2=" ">
		<subfield code="a">VA@</subfield>
		<subfield code="c">VA@</subfield>
		<subfield code="d">IUL</subfield>
	  </datafield>
	  <datafield tag="042" ind1=" " ind2=" ">
		<subfield code="a">lcd</subfield>
	  </datafield>
	  <datafield tag="049" ind1=" " ind2=" ">
		<subfield code="a">IULA</subfield>
	  </datafield>
	  <datafield tag="050" ind1="1" ind2="4">
		<subfield code="a">PN4073</subfield>
		<subfield code="b">.A8512</subfield>
	  </datafield>
	  <datafield tag="110" ind1="2" ind2=" ">
		<subfield code="a">Association for Communication Administration.</subfield>
	  </datafield>
	  <datafield tag="222" ind1=" " ind2="0">
		<subfield code="a">ACA bulletin - Association for Communication Administration</subfield>
	  </datafield>
	  <datafield tag="245" ind1="1" ind2="0">
		<subfield code="a">ACA bulletin</subfield>
		<subfield code="h">[microform].</subfield>
	  </datafield>
	  <datafield tag="246" ind1="1" ind2="0">
		<subfield code="a">Association for Communication Administration bulletin</subfield>
	  </datafield>
	  <datafield tag="246" ind1="1" ind2="0">
		<subfield code="a">Bulletin</subfield>
	  </datafield>
	  <datafield tag="260" ind1=" " ind2=" ">
		<subfield code="a">[Annandale, Va., etc.]</subfield>
		<subfield code="b">Association for Communication Administration.</subfield>
	  </datafield>
	  <datafield tag="300" ind1=" " ind2=" ">
		<subfield code="a">70 no.</subfield>
		<subfield code="c">26 cm.</subfield>
	  </datafield>
	  <datafield tag="310" ind1=" " ind2=" ">
		<subfield code="a">Quarterly</subfield>
	  </datafield>
	  <datafield tag="362" ind1="0" ind2=" ">
		<subfield code="a">no. 13-82; Aug. 1975-Oct. 1992.</subfield>
	  </datafield>
	  <datafield tag="510" ind1="2" ind2=" ">
		<subfield code="a">Current index to journals in education</subfield>
		<subfield code="x">0011-3565</subfield>
	  </datafield>
	  <datafield tag="550" ind1="0" ind2=" ">
		<subfield code="a">Journal of the Association for Communication Administration.</subfield>
	  </datafield>
	  <datafield tag="533" ind1=" " ind2=" ">
		<subfield code="a">Microfilm.</subfield>
		<subfield code="b">Ann Arbor, Mich.,</subfield>
		<subfield code="c">University Microfilms.</subfield>
		<subfield code="e">reels.  35 mm.</subfield>
	  </datafield>
	  <datafield tag="591" ind1=" " ind2=" ">
		<subfield code="a"></subfield>
	  </datafield>
	  <datafield tag="650" ind1=" " ind2="0">
		<subfield code="a">Oral communication</subfield>
		<subfield code="x">Periodicals.</subfield>
	  </datafield>
	  <datafield tag="650" ind1=" " ind2="0">
		<subfield code="a">Communication</subfield>
		<subfield code="x">Periodicals.</subfield>
	  </datafield>
	  <datafield tag="650" ind1=" " ind2="0">
		<subfield code="a">Journalism</subfield>
		<subfield code="x">Periodicals.</subfield>
	  </datafield>
	  <datafield tag="650" ind1=" " ind2="0">
		<subfield code="a">Theater</subfield>
		<subfield code="x">Periodicals.</subfield>
	  </datafield>
	  <datafield tag="776" ind1="1" ind2=" ">
		<subfield code="c">Original</subfield>
		<subfield code="w">(DLC)   75646371</subfield>
		<subfield code="w">(OCoLC)2171786</subfield>
	  </datafield>
	  <datafield tag="780" ind1="0" ind2="0">
		<subfield code="a">Association of Departments &amp; Administrators in Speech Communication.</subfield>
		<subfield code="t">Bulletin of the Association of Department &amp; Administrators in Speech Communication</subfield>
	  </datafield>
	  <datafield tag="785" ind1="0" ind2="0">
		<subfield code="t">JACA</subfield>
		<subfield code="w">(DLC)sn 95033095</subfield>
		<subfield code="w">(OCoLC)31921698</subfield>
	  </datafield>
	  <datafield tag="850" ind1=" " ind2=" ">
		<subfield code="a">InU</subfield>
	  </datafield>
	  <datafield tag="998" ind1=" " ind2=" ">
		<subfield code="a">3/24/1992</subfield>
		<subfield code="b">10/21/1997</subfield>
		<subfield code="c">3/24/1992</subfield>
	  </datafield>
	  <datafield tag="596" ind1=" " ind2=" ">
		<subfield code="a">43</subfield>
	  </datafield>
	  <datafield tag="999" ind1=" " ind2=" ">
		<subfield code="a">PN4073 .A8512</subfield>
		<subfield code="w">LC</subfield>
		<subfield code="c">1</subfield>
		<subfield code="i">248945-2001</subfield>
		<subfield code="l">MICROFILM</subfield>
		<subfield code="m">KOKOMO</subfield>
		<subfield code="r">Y</subfield>
		<subfield code="s">Y</subfield>
		<subfield code="t">NONCIRC</subfield>
		<subfield code="u">11/5/2000</subfield>
	  </datafield>
	</record>