
	<record>
	  <leader>01786cjm a2200397 a 45 0</leader>
	  <controlfield tag="001">a248946</controlfield>
	  <controlfield tag="003">InU</controlfield>
	  <controlfield tag="008">881007p19871980xx snn   i          N/A d</controlfield>
	  <controlfield tag="007">sd-fzng--mm-e-</controlfield>
	  <datafield tag="028" ind1="0" ind2="1">
		<subfield code="a">E 7738</subfield>
		<subfield code="b">Astrée</subfield>
	  </datafield>
	  <datafield tag="035" ind1=" " ind2=" ">
		<subfield code="a">(InU)ACK2571BM</subfield>
	  </datafield>
	  <datafield tag="033" ind1="0" ind2=" ">
		<subfield code="a">198009--</subfield>
		<subfield code="b">6494</subfield>
		<subfield code="c">V4</subfield>
	  </datafield>
	  <datafield tag="035" ind1=" " ind2=" ">
		<subfield code="a">(OCoLC)ocm18580623</subfield>
	  </datafield>
	  <datafield tag="040" ind1=" " ind2=" ">
		<subfield code="a">WAU</subfield>
		<subfield code="c">WAU</subfield>
	  </datafield>
	  <datafield tag="041" ind1="1" ind2=" ">
		<subfield code="g">fregereng</subfield>
		<subfield code="h">fre</subfield>
	  </datafield>
	  <datafield tag="048" ind1=" " ind2=" ">
		<subfield code="a">ka01</subfield>
	  </datafield>
	  <datafield tag="049" ind1=" " ind2=" ">
		<subfield code="a">IULA</subfield>
	  </datafield>
	  <datafield tag="100" ind1="1" ind2="0">
		<subfield code="a">Beethoven, Ludwig van,</subfield>
		<subfield code="d">1770-1827.</subfield>
	  </datafield>
	  <datafield tag="240" ind1="1" ind2="0">
		<subfield code="a">Sonatas,</subfield>
		<subfield code="m">piano,</subfield>
		<subfield code="n">no. 21, op. 53,</subfield>
		<subfield code="r">C major</subfield>
	  </datafield>
	  <datafield tag="245" ind1="0" ind2="0">
		<subfield code="a">Grande sonate pour le piano-forte "Waldstein" en ut majeur, op. 53 ; Sonate pour le piano-forte en fa dièse majeur, op. 78 ; Sonate pour le piano-forte en mi mineur, op. 90</subfield>
		<subfield code="h">sound recording /</subfield>
		<subfield code="c">Ludwig van Beethoven.</subfield>
	  </datafield>
	  <datafield tag="260" ind1="0" ind2=" ">
		<subfield code="a">[S.l.] :</subfield>
		<subfield code="b">Astrée,</subfield>
		<subfield code="c">p1987.</subfield>
	  </datafield>
	  <datafield tag="300" ind1=" " ind2=" ">
		<subfield code="a">1 sound disc :</subfield>
		<subfield code="b">digital, stereo. ;</subfield>
		<subfield code="c">4 3/4 in.</subfield>
	  </datafield>
	  <datafield tag="500" ind1=" " ind2=" ">
		<subfield code="a">Title on insert: Trois sonates pour le piano-forte.</subfield>
	  </datafield>
	  <datafield tag="511" ind1="0" ind2=" ">
		<subfield code="a">Paul Badura-Skoda, forte-piano by Georg Hasska, Vienna, ca. 1815.</subfield>
	  </datafield>
	  <datafield tag="518" ind1=" " ind2=" ">
		<subfield code="a">Recorded in Vienna, September, 1980.</subfield>
	  </datafield>
	  <datafield tag="500" ind1=" " ind2=" ">
		<subfield code="a">Compact disc.</subfield>
	  </datafield>
	  <datafield tag="500" ind1=" " ind2=" ">
		<subfield code="a">Program notes by Harry Halbreich and Michel Bernstein in French with German and English translations (19 p.) in container.</subfield>
	  </datafield>
	  <datafield tag="650" ind1=" " ind2="0">
		<subfield code="a">Sonatas (Piano)</subfield>
	  </datafield>
	  <datafield tag="650" ind1=" " ind2="4">
		<subfield code="a">TBA</subfield>
	  </datafield>
	  <datafield tag="700" ind1="2" ind2="0">
		<subfield code="a">Badura-Skoda, Paul.</subfield>
		<subfield code="4">prf</subfield>
	  </datafield>
	  <datafield tag="700" ind1="1" ind2="2">
		<subfield code="a">Beethoven, Ludwig van,</subfield>
		<subfield code="d">1770-1827.</subfield>
		<subfield code="t">Sonatas,</subfield>
		<subfield code="m">piano,</subfield>
		<subfield code="n">no. 24, op. 78,</subfield>
		<subfield code="r">F# major.</subfield>
	  </datafield>
	  <datafield tag="700" ind1="1" ind2="2">
		<subfield code="a">Beethoven, Ludwig van,</subfield>
		<subfield code="d">1770-1827.</subfield>
		<subfield code="t">Sonatas,</subfield>
		<subfield code="m">piano,</subfield>
		<subfield code="n">no. 27, op. 90,</subfield>
		<subfield code="r">E minor.</subfield>
	  </datafield>
	  <datafield tag="856" ind1="7" ind2=" ">
		<subfield code="u">http://www.music.indiana.edu/cgi-bin/var/access?ACK2571</subfield>
		<subfield code="2">http</subfield>
	  </datafield>
	  <datafield tag="998" ind1=" " ind2=" ">
		<subfield code="a">3/24/1992</subfield>
		<subfield code="b">9/11/1998</subfield>
		<subfield code="c">3/24/1992</subfield>
	  </datafield>
	  <datafield tag="596" ind1=" " ind2=" ">
		<subfield code="a">20</subfield>
	  </datafield>
	  <datafield tag="999" ind1=" " ind2=" ">
		<subfield code="a">ACK2571</subfield>
		<subfield code="w">ASIS</subfield>
		<subfield code="c">1</subfield>
		<subfield code="i">30000028991879</subfield>
		<subfield code="d">6/16/2005</subfield>
		<subfield code="e">2/19/2005</subfield>
		<subfield code="l">_MUEMACD</subfield>
		<subfield code="m">B-MUSIC</subfield>
		<subfield code="n">10</subfield>
		<subfield code="q">2</subfield>
		<subfield code="r">Y</subfield>
		<subfield code="s">Y</subfield>
		<subfield code="t">AV</subfield>
		<subfield code="u">11/5/2000</subfield>
		<subfield code="x">EARLYMUSIC</subfield>
		<subfield code="z">CD</subfield>
		<subfield code="o">.STAFF.  Includes 1 insert.</subfield>
	  </datafield>
	</record>