
	<record>
	  <leader>01884cas a2200457 a 45 0</leader>
	  <controlfield tag="001">a247118</controlfield>
	  <controlfield tag="003">InU</controlfield>
	  <controlfield tag="008">911114d19911991kyuar1    sr  0   a0eng d</controlfield>
	  <datafield tag="010" ind1=" " ind2=" ">
		<subfield code="a">sn 92025054</subfield>
	  </datafield>
	  <datafield tag="012" ind1=" " ind2=" ">
		<subfield code="i">9203</subfield>
		<subfield code="j">1</subfield>
	  </datafield>
	  <datafield tag="022" ind1="0" ind2=" ">
		<subfield code="a">1062-6131</subfield>
	  </datafield>
	  <datafield tag="035" ind1=" " ind2=" ">
		<subfield code="a">(InU)ACJ9210BB</subfield>
	  </datafield>
	  <datafield tag="035" ind1=" " ind2=" ">
		<subfield code="a">(OCoLC)ocm24779593</subfield>
	  </datafield>
	  <datafield tag="040" ind1=" " ind2=" ">
		<subfield code="a">EEX</subfield>
		<subfield code="c">EEX</subfield>
		<subfield code="d">HUL</subfield>
		<subfield code="d">IUL</subfield>
		<subfield code="d">NSD</subfield>
		<subfield code="d">HUL</subfield>
		<subfield code="d">NST</subfield>
		<subfield code="d">NSD</subfield>
		<subfield code="d">NST</subfield>
	  </datafield>
	  <datafield tag="042" ind1=" " ind2=" ">
		<subfield code="a">lcd</subfield>
		<subfield code="a">nsdp</subfield>
	  </datafield>
	  <datafield tag="043" ind1=" " ind2=" ">
		<subfield code="a">n-us---</subfield>
	  </datafield>
	  <datafield tag="049" ind1=" " ind2=" ">
		<subfield code="a">IULA</subfield>
	  </datafield>
	  <datafield tag="050" ind1="1" ind2="4">
		<subfield code="a">JK2445.A8</subfield>
		<subfield code="b">N3</subfield>
	  </datafield>
	  <datafield tag="082" ind1="1" ind2="0">
		<subfield code="a">353</subfield>
		<subfield code="2">12</subfield>
	  </datafield>
	  <datafield tag="210" ind1="0" ind2=" ">
		<subfield code="a">State inf. resour. manag. struct. act.</subfield>
	  </datafield>
	  <datafield tag="222" ind1=" " ind2="0">
		<subfield code="a">State information resource management, structure and activities</subfield>
	  </datafield>
	  <datafield tag="245" ind1="0" ind2="0">
		<subfield code="a">State information resource management, structure and activities :</subfield>
		<subfield code="b">NASIRE report.</subfield>
	  </datafield>
	  <datafield tag="246" ind1="1" ind2="0">
		<subfield code="a">NASIRE report</subfield>
	  </datafield>
	  <datafield tag="260" ind1=" " ind2="0">
		<subfield code="a">Lexington, KY :</subfield>
		<subfield code="b">National Association of State Information Resource Executives,</subfield>
		<subfield code="c">c1991.</subfield>
	  </datafield>
	  <datafield tag="265" ind1=" " ind2=" ">
		<subfield code="a">National Association of State Information Resource Executives, Iron Works Pike, PO Box 11910, Lexington, KY 40578-1910</subfield>
	  </datafield>
	  <datafield tag="300" ind1=" " ind2=" ">
		<subfield code="a">1 v. ;</subfield>
		<subfield code="c">28 cm.</subfield>
	  </datafield>
	  <datafield tag="310" ind1=" " ind2=" ">
		<subfield code="a">Annual</subfield>
	  </datafield>
	  <datafield tag="350" ind1=" " ind2=" ">
		<subfield code="a">$50.00</subfield>
	  </datafield>
	  <datafield tag="362" ind1="0" ind2=" ">
		<subfield code="a">1990-91.</subfield>
	  </datafield>
	  <datafield tag="591" ind1=" " ind2=" ">
		<subfield code="a"></subfield>
	  </datafield>
	  <datafield tag="650" ind1=" " ind2="0">
		<subfield code="a">State governments</subfield>
		<subfield code="z">United States</subfield>
		<subfield code="x">Automation</subfield>
		<subfield code="x">Periodicals.</subfield>
	  </datafield>
	  <datafield tag="650" ind1=" " ind2="0">
		<subfield code="a">Information resources management</subfield>
		<subfield code="x">Periodicals.</subfield>
	  </datafield>
	  <datafield tag="650" ind1=" " ind2="0">
		<subfield code="a">Management information systems</subfield>
		<subfield code="x">Periodicals.</subfield>
	  </datafield>
	  <datafield tag="610" ind1="2" ind2="0">
		<subfield code="a">National Association of State Information Resource Executives</subfield>
		<subfield code="x">Directories.</subfield>
	  </datafield>
	  <datafield tag="710" ind1="2" ind2="0">
		<subfield code="a">National Association of State Information Resource Executives.</subfield>
	  </datafield>
	  <datafield tag="780" ind1="0" ind2="0">
		<subfield code="t">Information systems technology in state government</subfield>
		<subfield code="x">0898-7017</subfield>
		<subfield code="w">(DLC)sn  86022747</subfield>
		<subfield code="w">(OCoLC)4052832</subfield>
	  </datafield>
	  <datafield tag="785" ind1="0" ind2="0">
		<subfield code="t">State IRM organizational structures</subfield>
		<subfield code="x">1066-842X</subfield>
		<subfield code="w">(DLC)sn 92027548</subfield>
		<subfield code="w">(OCoLC)26281987</subfield>
	  </datafield>
	  <datafield tag="850" ind1=" " ind2=" ">
		<subfield code="a">In</subfield>
		<subfield code="a">InU</subfield>
		<subfield code="a">MH-KG</subfield>
		<subfield code="a">NcU</subfield>
		<subfield code="a">OU</subfield>
	  </datafield>
	  <datafield tag="998" ind1=" " ind2=" ">
		<subfield code="a">3/19/1992</subfield>
		<subfield code="b">6/23/1993</subfield>
		<subfield code="c">3/19/1992</subfield>
	  </datafield>
	  <datafield tag="596" ind1=" " ind2=" ">
		<subfield code="a">1</subfield>
	  </datafield>
	  <datafield tag="999" ind1=" " ind2=" ">
		<subfield code="a">JK2445.A8 N27 1990/1991</subfield>
		<subfield code="w">LC</subfield>
		<subfield code="c">1</subfield>
		<subfield code="i">30000010006058</subfield>
		<subfield code="d">6/1/2010</subfield>
		<subfield code="e">4/14/2010</subfield>
		<subfield code="l">_RCSTACKS</subfield>
		<subfield code="m">B-WELLS</subfield>
		<subfield code="n">1</subfield>
		<subfield code="r">Y</subfield>
		<subfield code="s">Y</subfield>
		<subfield code="t">PERIOD</subfield>
		<subfield code="u">11/5/2000</subfield>
	  </datafield>
	</record>