
	<record>
	  <leader>02344cas a2200433 a 45 0</leader>
	  <controlfield tag="001">a250054</controlfield>
	  <controlfield tag="003">InU</controlfield>
	  <controlfield tag="008">911230d19911992iluar1        0   a0eng d</controlfield>
	  <datafield tag="010" ind1=" " ind2=" ">
		<subfield code="a">   93643364 </subfield>
		<subfield code="z">sn 91004065</subfield>
	  </datafield>
	  <datafield tag="019" ind1=" " ind2=" ">
		<subfield code="a">25495149</subfield>
		<subfield code="a">26648161</subfield>
	  </datafield>
	  <datafield tag="022" ind1="0" ind2=" ">
		<subfield code="a">1060-4391</subfield>
	  </datafield>
	  <datafield tag="035" ind1=" " ind2=" ">
		<subfield code="a">(InU)ACK4613BW</subfield>
	  </datafield>
	  <datafield tag="035" ind1=" " ind2=" ">
		<subfield code="a">(OCoLC)ocm25028130</subfield>
	  </datafield>
	  <datafield tag="040" ind1=" " ind2=" ">
		<subfield code="a">NSD</subfield>
		<subfield code="c">NSD</subfield>
		<subfield code="d">NYG</subfield>
		<subfield code="d">OCL</subfield>
		<subfield code="d">DLC</subfield>
		<subfield code="d">NST</subfield>
		<subfield code="d">NSD</subfield>
		<subfield code="d">NST</subfield>
		<subfield code="d">DLC</subfield>
		<subfield code="d">OCL</subfield>
		<subfield code="d">DLC</subfield>
	  </datafield>
	  <datafield tag="043" ind1=" " ind2=" ">
		<subfield code="a">n-us---</subfield>
	  </datafield>
	  <datafield tag="049" ind1=" " ind2=" ">
		<subfield code="a">IUBA</subfield>
	  </datafield>
	  <datafield tag="050" ind1="0" ind2="0">
		<subfield code="a">KF325</subfield>
		<subfield code="b">.A294</subfield>
	  </datafield>
	  <datafield tag="090" ind1=" " ind2=" ">
		<subfield code="a">KF3095.A3</subfield>
		<subfield code="b">A44</subfield>
	  </datafield>
	  <datafield tag="110" ind1="2" ind2=" ">
		<subfield code="a">American Bar Association.</subfield>
		<subfield code="b">Section of Patent, Trademark, and Copyright Law.</subfield>
	  </datafield>
	  <datafield tag="210" ind1="0" ind2=" ">
		<subfield code="a">Annu. rep. - Am. Bar Assoc., Sect. Pat. Trademark Copyr. Law</subfield>
	  </datafield>
	  <datafield tag="222" ind1=" " ind2="0">
		<subfield code="a">Annual report - American Bar Association. Section of Patent, Trademark, and Copyright Law</subfield>
	  </datafield>
	  <datafield tag="245" ind1="0" ind2="0">
		<subfield code="a">Annual report /</subfield>
		<subfield code="c">Section of Patent, Trademark, and Copyright Law.</subfield>
	  </datafield>
	  <datafield tag="260" ind1=" " ind2="0">
		<subfield code="a">Chicago, Ill. :</subfield>
		<subfield code="b">American Bar Association,</subfield>
		<subfield code="c">c1991-1992.</subfield>
	  </datafield>
	  <datafield tag="300" ind1=" " ind2=" ">
		<subfield code="a">2 v. ;</subfield>
		<subfield code="c">28 cm.</subfield>
	  </datafield>
	  <datafield tag="310" ind1=" " ind2=" ">
		<subfield code="a">Annual</subfield>
	  </datafield>
	  <datafield tag="362" ind1="0" ind2=" ">
		<subfield code="a">1990/1991-1991/92.</subfield>
	  </datafield>
	  <datafield tag="580" ind1=" " ind2=" ">
		<subfield code="a">Merger of: American Bar Association. Section of Patent, Trademark, and Copyright Law.  Summary of proceedings, and: American Bar Association. Section of Patent, Trademark, and Copyright Law.  Committee reports to be presented at the annual meeting to be held ...</subfield>
	  </datafield>
	  <datafield tag="591" ind1=" " ind2=" ">
		<subfield code="a"></subfield>
	  </datafield>
	  <datafield tag="610" ind1="2" ind2="0">
		<subfield code="a">American Bar Association.</subfield>
		<subfield code="b">Section of Patent, Trademark and Copyright Law</subfield>
		<subfield code="x">Periodicals.</subfield>
	  </datafield>
	  <datafield tag="650" ind1=" " ind2="0">
		<subfield code="a">Intellectual property</subfield>
		<subfield code="z">United States</subfield>
		<subfield code="x">Periodicals.</subfield>
	  </datafield>
	  <datafield tag="780" ind1="1" ind2="4">
		<subfield code="a">American Bar Association.  Section of Patent, Trademark, and copyright Law.</subfield>
		<subfield code="t">Summary of proceedings</subfield>
		<subfield code="w">(DLC)   88647373</subfield>
		<subfield code="w">(OCoLC)17959415</subfield>
	  </datafield>
	  <datafield tag="780" ind1="1" ind2="4">
		<subfield code="a">American Bar Association.  Section of Patent, Trademark, and Copyright Law.</subfield>
		<subfield code="t">Committee reports to be presented at the annual meeting to be held ...</subfield>
		<subfield code="w">(DLC)   42046517</subfield>
		<subfield code="w">(OCoLC)1479538</subfield>
	  </datafield>
	  <datafield tag="785" ind1="0" ind2="0">
		<subfield code="a">American Bar Association. Section of Intellectual Property Law.</subfield>
		<subfield code="t">Annual report</subfield>
		<subfield code="w">(OCoLC)29579457</subfield>
	  </datafield>
	  <datafield tag="850" ind1=" " ind2=" ">
		<subfield code="a">CtY-L</subfield>
		<subfield code="a">DLC</subfield>
		<subfield code="a">MiU-L</subfield>
		<subfield code="a">N</subfield>
		<subfield code="a">NcD-L</subfield>
	  </datafield>
	  <datafield tag="856" ind1="4" ind2="0">
		<subfield code="a">Bloomington</subfield>
		<subfield code="u">http://www.heinonline.org/HOL/Index?index=journals/abaseiplar&amp;collection=journals</subfield>
		<subfield code="z"></subfield>
	  </datafield>
	  <datafield tag="890" ind1=" " ind2=" ">
		<subfield code="a">Annual report (American Bar Association.  Section of Patent, Trademark, and Copyright Law)</subfield>
	  </datafield>
	  <datafield tag="998" ind1=" " ind2=" ">
		<subfield code="a">3/26/1992</subfield>
		<subfield code="b">2/24/1998</subfield>
		<subfield code="c">3/26/1992</subfield>
	  </datafield>
	  <datafield tag="596" ind1=" " ind2=" ">
		<subfield code="a">17</subfield>
	  </datafield>
	  <datafield tag="999" ind1=" " ind2=" ">
		<subfield code="a">XX(250054.4)</subfield>
		<subfield code="w">ALPHANUM</subfield>
		<subfield code="c">1</subfield>
		<subfield code="i">250054-4001</subfield>
		<subfield code="l">E-JOURNAL</subfield>
		<subfield code="m">B-LAW</subfield>
		<subfield code="r">Y</subfield>
		<subfield code="s">Y</subfield>
		<subfield code="t">NONCIRC</subfield>
		<subfield code="u">2/3/2009</subfield>
		<subfield code="z">EJOURNAL</subfield>
	  </datafield>
	</record>