
	<record>
	  <leader>00699cam a2200229   45 0</leader>
	  <controlfield tag="001">a250055</controlfield>
	  <controlfield tag="003">InU</controlfield>
	  <controlfield tag="008">740103s1950    nyuc          000 0beng  </controlfield>
	  <datafield tag="010" ind1=" " ind2=" ">
		<subfield code="a">   50006773</subfield>
	  </datafield>
	  <datafield tag="035" ind1=" " ind2=" ">
		<subfield code="a">(InU)ACK4614IL</subfield>
	  </datafield>
	  <datafield tag="035" ind1=" " ind2=" ">
		<subfield code="a">(OCoLC)ocm00769975</subfield>
	  </datafield>
	  <datafield tag="040" ind1=" " ind2=" ">
		<subfield code="a">DLC</subfield>
		<subfield code="c">KSU</subfield>
		<subfield code="d">SER</subfield>
		<subfield code="d">ILI</subfield>
	  </datafield>
	  <datafield tag="049" ind1=" " ind2=" ">
		<subfield code="a">ILIC</subfield>
	  </datafield>
	  <datafield tag="090" ind1=" " ind2=" ">
		<subfield code="a">KF373</subfield>
		<subfield code="b">.S84 1950</subfield>
	  </datafield>
	  <datafield tag="100" ind1="1" ind2=" ">
		<subfield code="a">Steuer, Aron.</subfield>
	  </datafield>
	  <datafield tag="245" ind1="1" ind2="0">
		<subfield code="a">Max D. Steuer, trial lawyer /</subfield>
		<subfield code="c">by Aron Steuer.</subfield>
	  </datafield>
	  <datafield tag="260" ind1="0" ind2=" ">
		<subfield code="a">New York :</subfield>
		<subfield code="b">Random House</subfield>
		<subfield code="c">[1950]</subfield>
	  </datafield>
	  <datafield tag="300" ind1=" " ind2=" ">
		<subfield code="a">301 p. :</subfield>
		<subfield code="b">port. ;</subfield>
		<subfield code="c">21 cm.</subfield>
	  </datafield>
	  <datafield tag="600" ind1="1" ind2="0">
		<subfield code="a">Steuer, Max,</subfield>
		<subfield code="d">1871-1940.</subfield>
	  </datafield>
	  <datafield tag="998" ind1=" " ind2=" ">
		<subfield code="a">3/26/1992</subfield>
		<subfield code="b">7/2/1997</subfield>
		<subfield code="c">3/26/1992</subfield>
	  </datafield>
	  <datafield tag="596" ind1=" " ind2=" ">
		<subfield code="a">40</subfield>
	  </datafield>
	  <datafield tag="999" ind1=" " ind2=" ">
		<subfield code="a">KF373 .S84 1950</subfield>
		<subfield code="w">LC</subfield>
		<subfield code="c">1</subfield>
		<subfield code="i">30000020465732</subfield>
		<subfield code="d">12/16/1996</subfield>
		<subfield code="l">STACKS</subfield>
		<subfield code="m">I-LAW</subfield>
		<subfield code="n">2</subfield>
		<subfield code="r">Y</subfield>
		<subfield code="s">Y</subfield>
		<subfield code="t">NORMAL</subfield>
		<subfield code="u">11/5/2000</subfield>
	  </datafield>
	</record>