
	<record>
	  <leader>01401cas a2200397   45 0</leader>
	  <controlfield tag="001">a252456</controlfield>
	  <controlfield tag="003">InU</controlfield>
	  <controlfield tag="005">20040519000000.0</controlfield>
	  <controlfield tag="008">760514d19582004nhumr1p       0   a0eng d</controlfield>
	  <datafield tag="010" ind1=" " ind2=" ">
		<subfield code="a">sn 81000540</subfield>
	  </datafield>
	  <datafield tag="035" ind1=" " ind2=" ">
		<subfield code="a">(OCoLC)ocm02176680</subfield>
	  </datafield>
	  <datafield tag="040" ind1=" " ind2=" ">
		<subfield code="a">UDI</subfield>
		<subfield code="c">UDI</subfield>
		<subfield code="d">NSD</subfield>
		<subfield code="d">OCL</subfield>
		<subfield code="d">DLC</subfield>
		<subfield code="d">NST</subfield>
		<subfield code="d">IUL</subfield>
		<subfield code="d">OCL</subfield>
		<subfield code="d">IUL</subfield>
	  </datafield>
	  <datafield tag="012" ind1=" " ind2=" ">
		<subfield code="i">8906</subfield>
		<subfield code="l">1</subfield>
	  </datafield>
	  <datafield tag="019" ind1=" " ind2=" ">
		<subfield code="a">2449818</subfield>
	  </datafield>
	  <datafield tag="022" ind1="1" ind2=" ">
		<subfield code="a">0048-2609</subfield>
	  </datafield>
	  <datafield tag="037" ind1=" " ind2=" ">
		<subfield code="b">Lawrence Ragan Communications, Inc., 316 N. Michigan Ave., Chicago, IL 60601</subfield>
	  </datafield>
	  <datafield tag="042" ind1=" " ind2=" ">
		<subfield code="a">nsdp</subfield>
		<subfield code="a">msc</subfield>
	  </datafield>
	  <datafield tag="050" ind1="1" ind2="0">
		<subfield code="a">Discard</subfield>
	  </datafield>
	  <datafield tag="222" ind1=" " ind2="0">
		<subfield code="a">PR reporter</subfield>
		<subfield code="b">(Exeter, N.H.)</subfield>
	  </datafield>
	  <datafield tag="245" ind1="0" ind2="0">
		<subfield code="a">PR reporter;</subfield>
		<subfield code="b">the weekly public relations newsletter.</subfield>
	  </datafield>
	  <datafield tag="246" ind1="3" ind2=" ">
		<subfield code="a">Public relations reporter (Exeter, N.H.)</subfield>
	  </datafield>
	  <datafield tag="260" ind1=" " ind2=" ">
		<subfield code="a">Chicago, IL [etc.]</subfield>
		<subfield code="b">Lawrence Ragan Communications</subfield>
	  </datafield>
	  <datafield tag="300" ind1=" " ind2=" ">
		<subfield code="a">v.</subfield>
	  </datafield>
	  <datafield tag="310" ind1=" " ind2=" ">
		<subfield code="a">Monthly,</subfield>
		<subfield code="b">Feb. 2004</subfield>
	  </datafield>
	  <datafield tag="321" ind1=" " ind2=" ">
		<subfield code="a">Weekly,</subfield>
		<subfield code="b">-Jan. 5, 2004</subfield>
	  </datafield>
	  <datafield tag="362" ind1="1" ind2=" ">
		<subfield code="a">Began in 1958; ceased with issue for Feb. 2004.</subfield>
	  </datafield>
	  <datafield tag="650" ind1=" " ind2="0">
		<subfield code="a">Public relations</subfield>
		<subfield code="v">Periodicals.</subfield>
	  </datafield>
	  <datafield tag="770" ind1="0" ind2=" ">
		<subfield code="t">Tips &amp; tactics</subfield>
		<subfield code="w">(OCoLC)2176707</subfield>
	  </datafield>
	  <datafield tag="770" ind1="0" ind2=" ">
		<subfield code="t">Persuasion</subfield>
		<subfield code="w">(OCoLC)2176435</subfield>
	  </datafield>
	  <datafield tag="770" ind1="0" ind2=" ">
		<subfield code="t">Purview</subfield>
		<subfield code="w">(OCoLC)2382213</subfield>
	  </datafield>
	  <datafield tag="770" ind1="0" ind2=" ">
		<subfield code="t">Managing the human climate</subfield>
		<subfield code="x">0277-7398</subfield>
		<subfield code="g">19   -19  .</subfield>
	  </datafield>
	  <datafield tag="785" ind1="0" ind2="0">
		<subfield code="t">Ragan's PR reporter</subfield>
		<subfield code="x">1099-7237</subfield>
		<subfield code="w">(DLC)  2004238498</subfield>
		<subfield code="w">(OCoLC)54950445</subfield>
	  </datafield>
	  <datafield tag="850" ind1=" " ind2=" ">
		<subfield code="a">DeU</subfield>
		<subfield code="a">FU</subfield>
		<subfield code="a">InU</subfield>
		<subfield code="a">MdU</subfield>
		<subfield code="a">MoU</subfield>
		<subfield code="a">NSyU</subfield>
		<subfield code="a">NhD</subfield>
	  </datafield>
	  <datafield tag="035" ind1=" " ind2=" ">
		<subfield code="a">(InU)ACK9399KO</subfield>
	  </datafield>
	  <datafield tag="596" ind1=" " ind2=" ">
		<subfield code="a">43</subfield>
	  </datafield>
	  <datafield tag="999" ind1=" " ind2=" ">
		<subfield code="a">HM263.A1 P845</subfield>
		<subfield code="w">LC</subfield>
		<subfield code="c">1</subfield>
		<subfield code="i">252456-2001</subfield>
		<subfield code="l">PERIODICAL</subfield>
		<subfield code="m">KOKOMO</subfield>
		<subfield code="r">Y</subfield>
		<subfield code="s">Y</subfield>
		<subfield code="t">PERIOD</subfield>
		<subfield code="u">11/5/2000</subfield>
	  </datafield>
	</record>