
	<record>
	  <leader>01679cas a2200361 a 45 0</leader>
	  <controlfield tag="001">a252811</controlfield>
	  <controlfield tag="003">InU</controlfield>
	  <controlfield tag="008">850726d18641909azuuu    l   s0   a0eng d</controlfield>
	  <datafield tag="035" ind1=" " ind2=" ">
		<subfield code="a">(InU)ACL0024BW</subfield>
	  </datafield>
	  <datafield tag="035" ind1=" " ind2=" ">
		<subfield code="a">(OCoLC)ocm12310193</subfield>
	  </datafield>
	  <datafield tag="040" ind1=" " ind2=" ">
		<subfield code="a">UTL</subfield>
		<subfield code="c">UTL</subfield>
		<subfield code="d">m/c</subfield>
	  </datafield>
	  <datafield tag="043" ind1=" " ind2=" ">
		<subfield code="a">n-us-az</subfield>
	  </datafield>
	  <datafield tag="049" ind1=" " ind2=" ">
		<subfield code="a">IUBA</subfield>
	  </datafield>
	  <datafield tag="090" ind1=" " ind2=" ">
		<subfield code="a">KFA2425</subfield>
		<subfield code="b">.A2 1864-</subfield>
	  </datafield>
	  <datafield tag="110" ind1="1" ind2="0">
		<subfield code="a">Arizona.</subfield>
	  </datafield>
	  <datafield tag="240" ind1="1" ind2="0">
		<subfield code="a">Laws, etc. (Session laws : 1864-1909)</subfield>
	  </datafield>
	  <datafield tag="245" ind1="1" ind2="0">
		<subfield code="a">Acts, resolutions and memorials of the ... Legislative Assembly of the Territory of Arizona.</subfield>
	  </datafield>
	  <datafield tag="246" ind1="1" ind2="8">
		<subfield code="a">Laws of Arizona</subfield>
	  </datafield>
	  <datafield tag="260" ind1="0" ind2="0">
		<subfield code="a">Prescott, Ariz. [etc.] :</subfield>
		<subfield code="b">Office of the Arizona Miner [etc.],</subfield>
		<subfield code="c">1865-1909.</subfield>
	  </datafield>
	  <datafield tag="300" ind1=" " ind2=" ">
		<subfield code="a">23 v. in 7 ;</subfield>
		<subfield code="c">20 cm.</subfield>
	  </datafield>
	  <datafield tag="591" ind1=" " ind2=" ">
		<subfield code="a"></subfield>
	  </datafield>
	  <datafield tag="650" ind1=" " ind2="0">
		<subfield code="a">Session laws</subfield>
		<subfield code="z">Arizona.</subfield>
	  </datafield>
	  <datafield tag="650" ind1=" " ind2="0">
		<subfield code="a">Law</subfield>
		<subfield code="z">Arizona.</subfield>
	  </datafield>
	  <datafield tag="785" ind1="0" ind2="0">
		<subfield code="a">Arizona. Laws, etc. (Session laws : 1912-    )</subfield>
		<subfield code="t">Acts, resolutions and memorials ... of the state of Arizona</subfield>
	  </datafield>
	  <datafield tag="998" ind1=" " ind2=" ">
		<subfield code="a">4/2/1992</subfield>
		<subfield code="b">4/3/1992</subfield>
		<subfield code="c">4/2/1992</subfield>
	  </datafield>
	  <datafield tag="596" ind1=" " ind2=" ">
		<subfield code="a">17</subfield>
	  </datafield>
	  <datafield tag="999" ind1=" " ind2=" ">
		<subfield code="a">XX(252811.3) 1877/81</subfield>
		<subfield code="w">ALPHANUM</subfield>
		<subfield code="c">1</subfield>
		<subfield code="i">30000108090675</subfield>
		<subfield code="d">8/23/2010</subfield>
		<subfield code="e">7/6/2010</subfield>
		<subfield code="l">_BLAWALF</subfield>
		<subfield code="m">B-LAW</subfield>
		<subfield code="r">Y</subfield>
		<subfield code="s">Y</subfield>
		<subfield code="t">NORMAL</subfield>
		<subfield code="u">9/14/2005</subfield>
	  </datafield>
	  <datafield tag="999" ind1=" " ind2=" ">
		<subfield code="a">XX(252811.4) 1883/85</subfield>
		<subfield code="w">ALPHANUM</subfield>
		<subfield code="c">1</subfield>
		<subfield code="i">30000108090683</subfield>
		<subfield code="l">_BLAWALF</subfield>
		<subfield code="m">B-LAW</subfield>
		<subfield code="r">Y</subfield>
		<subfield code="s">Y</subfield>
		<subfield code="t">NORMAL</subfield>
		<subfield code="u">9/14/2005</subfield>
	  </datafield>
	  <datafield tag="999" ind1=" " ind2=" ">
		<subfield code="a">XX(252811.5) 1889/97</subfield>
		<subfield code="w">ALPHANUM</subfield>
		<subfield code="c">1</subfield>
		<subfield code="i">30000108090691</subfield>
		<subfield code="l">_BLAWALF</subfield>
		<subfield code="m">B-LAW</subfield>
		<subfield code="r">Y</subfield>
		<subfield code="s">Y</subfield>
		<subfield code="t">NORMAL</subfield>
		<subfield code="u">9/14/2005</subfield>
	  </datafield>
	  <datafield tag="999" ind1=" " ind2=" ">
		<subfield code="a">XX(252811.6) 1899/1905</subfield>
		<subfield code="w">ALPHANUM</subfield>
		<subfield code="c">1</subfield>
		<subfield code="i">30000108090709</subfield>
		<subfield code="l">_BLAWALF</subfield>
		<subfield code="m">B-LAW</subfield>
		<subfield code="r">Y</subfield>
		<subfield code="s">Y</subfield>
		<subfield code="t">NORMAL</subfield>
		<subfield code="u">9/14/2005</subfield>
	  </datafield>
	  <datafield tag="999" ind1=" " ind2=" ">
		<subfield code="a">XX(252811.7) 1907/09</subfield>
		<subfield code="w">ALPHANUM</subfield>
		<subfield code="c">1</subfield>
		<subfield code="i">30000108090717</subfield>
		<subfield code="l">_BLAWALF</subfield>
		<subfield code="m">B-LAW</subfield>
		<subfield code="r">Y</subfield>
		<subfield code="s">Y</subfield>
		<subfield code="t">NORMAL</subfield>
		<subfield code="u">9/14/2005</subfield>
	  </datafield>
	  <datafield tag="999" ind1=" " ind2=" ">
		<subfield code="a">XX(252811.2) 1871/75</subfield>
		<subfield code="w">ALPHANUM</subfield>
		<subfield code="c">1</subfield>
		<subfield code="i">252811-8001</subfield>
		<subfield code="l">RARE</subfield>
		<subfield code="m">B-LAW</subfield>
		<subfield code="r">Y</subfield>
		<subfield code="s">Y</subfield>
		<subfield code="t">NONCIRC</subfield>
		<subfield code="u">9/16/2005</subfield>
	  </datafield>
	  <datafield tag="999" ind1=" " ind2=" ">
		<subfield code="a">XX(252811.1) 1864/68</subfield>
		<subfield code="w">ALPHANUM</subfield>
		<subfield code="c">1</subfield>
		<subfield code="i">252811-9001</subfield>
		<subfield code="l">RARE</subfield>
		<subfield code="m">B-LAW</subfield>
		<subfield code="r">Y</subfield>
		<subfield code="s">Y</subfield>
		<subfield code="t">NONCIRC</subfield>
		<subfield code="u">9/16/2005</subfield>
	  </datafield>
	</record>