
	<record>
	  <leader>01688cas a2200409   45 0</leader>
	  <controlfield tag="001">a255795</controlfield>
	  <controlfield tag="003">InU</controlfield>
	  <controlfield tag="008">790605d18361872miuzx    l   s0   a0eng d</controlfield>
	  <datafield tag="010" ind1=" " ind2=" ">
		<subfield code="a">   79644646</subfield>
	  </datafield>
	  <datafield tag="035" ind1=" " ind2=" ">
		<subfield code="a">(InU)ACL5163BW</subfield>
	  </datafield>
	  <datafield tag="035" ind1=" " ind2=" ">
		<subfield code="a">(OCoLC)ocm05034610</subfield>
	  </datafield>
	  <datafield tag="040" ind1=" " ind2=" ">
		<subfield code="a">MUU</subfield>
		<subfield code="c">MUU</subfield>
		<subfield code="d">DLC</subfield>
		<subfield code="d">m.c.</subfield>
	  </datafield>
	  <datafield tag="043" ind1=" " ind2=" ">
		<subfield code="a">n-us-mi</subfield>
	  </datafield>
	  <datafield tag="049" ind1=" " ind2=" ">
		<subfield code="a">[Session][Laws &amp;][Super-][seded][Codes]IUBA</subfield>
	  </datafield>
	  <datafield tag="050" ind1="0" ind2="0">
		<subfield code="a">KFM4225</subfield>
		<subfield code="b">.A23</subfield>
	  </datafield>
	  <datafield tag="090" ind1=" " ind2=" ">
		<subfield code="a">x</subfield>
	  </datafield>
	  <datafield tag="110" ind1="1" ind2=" ">
		<subfield code="a">Michigan.</subfield>
	  </datafield>
	  <datafield tag="240" ind1="1" ind2="0">
		<subfield code="a">Laws, etc. (Session laws: 1836-1872)</subfield>
	  </datafield>
	  <datafield tag="245" ind1="0" ind2="0">
		<subfield code="a">Acts of the Legislature of the State of Michigan.</subfield>
	  </datafield>
	  <datafield tag="246" ind1="1" ind2="7">
		<subfield code="a">Laws of Michigan</subfield>
	  </datafield>
	  <datafield tag="246" ind1="1" ind2="8">
		<subfield code="a">Michigan acts</subfield>
	  </datafield>
	  <datafield tag="260" ind1="0" ind2="0">
		<subfield code="a">Lansing [etc.] :</subfield>
		<subfield code="b">W. S. George [etc.],</subfield>
	  </datafield>
	  <datafield tag="300" ind1=" " ind2=" ">
		<subfield code="a">27 v. ;</subfield>
		<subfield code="c">22-24 cm.</subfield>
	  </datafield>
	  <datafield tag="310" ind1=" " ind2=" ">
		<subfield code="a">Frequency varies</subfield>
	  </datafield>
	  <datafield tag="362" ind1="0" ind2=" ">
		<subfield code="a">1835/36-1872.</subfield>
	  </datafield>
	  <datafield tag="515" ind1=" " ind2=" ">
		<subfield code="a">Some vols. issued in 2 or more vols.</subfield>
	  </datafield>
	  <datafield tag="520" ind1=" " ind2=" ">
		<subfield code="a">Includes regular, special, adjourned and extra sessions.</subfield>
	  </datafield>
	  <datafield tag="500" ind1=" " ind2=" ">
		<subfield code="a">Vol. for 1871 has title: General acts and joint and concurrent resolutions of the Legislature of the State of Michigan.</subfield>
	  </datafield>
	  <datafield tag="591" ind1=" " ind2=" ">
		<subfield code="a"></subfield>
	  </datafield>
	  <datafield tag="650" ind1=" " ind2="0">
		<subfield code="a">Session laws</subfield>
		<subfield code="z">Michigan.</subfield>
	  </datafield>
	  <datafield tag="650" ind1=" " ind2="0">
		<subfield code="a">Law</subfield>
		<subfield code="z">Michigan.</subfield>
	  </datafield>
	  <datafield tag="785" ind1="0" ind2="0">
		<subfield code="a">Michigan.</subfield>
		<subfield code="s">Laws, etc. (Session laws : 1873-1874)</subfield>
		<subfield code="t">General acts and joint and concurrent resolutions of the Legislature of the State of Michigan</subfield>
		<subfield code="w">(DLC)    79644645</subfield>
	  </datafield>
	  <datafield tag="998" ind1=" " ind2=" ">
		<subfield code="a">8/11/1992</subfield>
		<subfield code="b">2/2/1998</subfield>
		<subfield code="c">4/9/1992</subfield>
	  </datafield>
	  <datafield tag="596" ind1=" " ind2=" ">
		<subfield code="a">17</subfield>
	  </datafield>
	  <datafield tag="999" ind1=" " ind2=" ">
		<subfield code="a">XX(255795.2) 1870/71 v.1</subfield>
		<subfield code="w">ALPHANUM</subfield>
		<subfield code="c">1</subfield>
		<subfield code="i">30000107807442</subfield>
		<subfield code="d">8/23/2010</subfield>
		<subfield code="e">7/6/2010</subfield>
		<subfield code="l">_BLAWALF</subfield>
		<subfield code="m">B-LAW</subfield>
		<subfield code="r">Y</subfield>
		<subfield code="s">Y</subfield>
		<subfield code="t">NORMAL</subfield>
		<subfield code="u">11/5/2000</subfield>
	  </datafield>
	  <datafield tag="999" ind1=" " ind2=" ">
		<subfield code="a">XX(255795.3) 1871 v.2</subfield>
		<subfield code="w">ALPHANUM</subfield>
		<subfield code="c">1</subfield>
		<subfield code="i">30000107807459</subfield>
		<subfield code="l">_BLAWALF</subfield>
		<subfield code="m">B-LAW</subfield>
		<subfield code="r">Y</subfield>
		<subfield code="s">Y</subfield>
		<subfield code="t">NORMAL</subfield>
		<subfield code="u">11/5/2000</subfield>
	  </datafield>
	  <datafield tag="999" ind1=" " ind2=" ">
		<subfield code="a">XX(255795.4) 1871 v.3/1872</subfield>
		<subfield code="w">ALPHANUM</subfield>
		<subfield code="c">1</subfield>
		<subfield code="i">30000107807467</subfield>
		<subfield code="l">_BLAWALF</subfield>
		<subfield code="m">B-LAW</subfield>
		<subfield code="r">Y</subfield>
		<subfield code="s">Y</subfield>
		<subfield code="t">NORMAL</subfield>
		<subfield code="u">11/5/2000</subfield>
	  </datafield>
	</record>