
	<record>
	  <leader>01037cas a2200361 a 45 0</leader>
	  <controlfield tag="001">a255796</controlfield>
	  <controlfield tag="003">InU</controlfield>
	  <controlfield tag="008">930709c19929999fi uu m       0    0eng d</controlfield>
	  <datafield tag="010" ind1=" " ind2=" ">
		<subfield code="a">sn 93033438</subfield>
	  </datafield>
	  <datafield tag="012" ind1=" " ind2=" ">
		<subfield code="i">9307</subfield>
	  </datafield>
	  <datafield tag="022" ind1=" " ind2=" ">
		<subfield code="a">1235-1946</subfield>
	  </datafield>
	  <datafield tag="035" ind1=" " ind2=" ">
		<subfield code="a">(InU)ACL5165BB</subfield>
	  </datafield>
	  <datafield tag="035" ind1=" " ind2=" ">
		<subfield code="a">(OCoLC)ocm28407377</subfield>
	  </datafield>
	  <datafield tag="040" ind1=" " ind2=" ">
		<subfield code="a">IUL</subfield>
		<subfield code="c">IUL</subfield>
		<subfield code="d">HUL</subfield>
	  </datafield>
	  <datafield tag="042" ind1=" " ind2=" ">
		<subfield code="a">lcd</subfield>
	  </datafield>
	  <datafield tag="049" ind1=" " ind2=" ">
		<subfield code="a">IULA</subfield>
	  </datafield>
	  <datafield tag="050" ind1="1" ind2="4">
		<subfield code="a">GR1</subfield>
		<subfield code="b">.S78</subfield>
	  </datafield>
	  <datafield tag="245" ind1="0" ind2="0">
		<subfield code="a">Studia Fennica.</subfield>
		<subfield code="p">Folkloristica.</subfield>
	  </datafield>
	  <datafield tag="246" ind1="1" ind2="0">
		<subfield code="a">Folkloristica</subfield>
	  </datafield>
	  <datafield tag="260" ind1=" " ind2="0">
		<subfield code="a">Helsinki :</subfield>
		<subfield code="b">Suomalaisen Kirjallisuuden Seura,</subfield>
		<subfield code="c">1992-</subfield>
	  </datafield>
	  <datafield tag="300" ind1=" " ind2=" ">
		<subfield code="a">v. :</subfield>
		<subfield code="b">ill. ;</subfield>
		<subfield code="c">25 cm.</subfield>
	  </datafield>
	  <datafield tag="362" ind1="0" ind2=" ">
		<subfield code="a">1-</subfield>
	  </datafield>
	  <datafield tag="490" ind1="1" ind2=" ">
		<subfield code="a">1: NIF publications ;</subfield>
		<subfield code="v">no. 24</subfield>
	  </datafield>
	  <datafield tag="546" ind1=" " ind2=" ">
		<subfield code="a">In English.</subfield>
	  </datafield>
	  <datafield tag="591" ind1=" " ind2=" ">
		<subfield code="a"></subfield>
	  </datafield>
	  <datafield tag="650" ind1=" " ind2="0">
		<subfield code="a">Folklore.</subfield>
	  </datafield>
	  <datafield tag="650" ind1=" " ind2="0">
		<subfield code="a">Folklore</subfield>
		<subfield code="z">Finland.</subfield>
	  </datafield>
	  <datafield tag="780" ind1="0" ind2="1">
		<subfield code="t">Studia Fennica</subfield>
		<subfield code="x">0085-6835</subfield>
		<subfield code="w">(DLC)   55033533</subfield>
		<subfield code="w">(OCoLC)2002593</subfield>
	  </datafield>
	  <datafield tag="830" ind1=" " ind2="0">
		<subfield code="a">NIF publications ;</subfield>
		<subfield code="v">no. 24.</subfield>
	  </datafield>
	  <datafield tag="850" ind1=" " ind2=" ">
		<subfield code="a">InU</subfield>
		<subfield code="a">MH</subfield>
	  </datafield>
	  <datafield tag="998" ind1=" " ind2=" ">
		<subfield code="a">4/9/1992</subfield>
		<subfield code="b">4/15/1994</subfield>
		<subfield code="c">4/9/1992</subfield>
	  </datafield>
	  <datafield tag="596" ind1=" " ind2=" ">
		<subfield code="a">1</subfield>
	  </datafield>
	  <datafield tag="999" ind1=" " ind2=" ">
		<subfield code="a">Search under individual title</subfield>
		<subfield code="w">ASIS</subfield>
		<subfield code="c">1</subfield>
		<subfield code="i">255796-2001</subfield>
		<subfield code="l">_RCFOLK</subfield>
		<subfield code="m">B-WELLS</subfield>
		<subfield code="r">Y</subfield>
		<subfield code="s">Y</subfield>
		<subfield code="t">PERIOD</subfield>
		<subfield code="u">11/5/2000</subfield>
		<subfield code="x">FOLKLORE</subfield>
	  </datafield>
	</record>