
	<record>
	  <leader>01833cam a2200421 a 45 0</leader>
	  <controlfield tag="001">a256933</controlfield>
	  <controlfield tag="003">InU</controlfield>
	  <controlfield tag="008">760704s1893    fr a          000 0 fre  </controlfield>
	  <datafield tag="010" ind1=" " ind2=" ">
		<subfield code="a">   76468434 //r85</subfield>
	  </datafield>
	  <datafield tag="035" ind1=" " ind2=" ">
		<subfield code="a">(InU)ACL7370BY</subfield>
	  </datafield>
	  <datafield tag="035" ind1=" " ind2=" ">
		<subfield code="a">(OCoLC)ocm02348743</subfield>
	  </datafield>
	  <datafield tag="040" ind1=" " ind2=" ">
		<subfield code="a">DLC</subfield>
		<subfield code="c">DLC</subfield>
	  </datafield>
	  <datafield tag="043" ind1=" " ind2=" ">
		<subfield code="a">e-fr---</subfield>
	  </datafield>
	  <datafield tag="049" ind1=" " ind2=" ">
		<subfield code="a">IULA</subfield>
	  </datafield>
	  <datafield tag="050" ind1="0" ind2=" ">
		<subfield code="a">GT2853.F7</subfield>
		<subfield code="b">G68</subfield>
	  </datafield>
	  <datafield tag="100" ind1="1" ind2="0">
		<subfield code="a">Goudeau, Émile,</subfield>
		<subfield code="d">1849-1906.</subfield>
	  </datafield>
	  <datafield tag="245" ind1="1" ind2="0">
		<subfield code="a">Paris qui consomme /</subfield>
		<subfield code="c">Émile Goudeau ; dessins de Pierre Vidal.</subfield>
	  </datafield>
	  <datafield tag="260" ind1="0" ind2=" ">
		<subfield code="a">Paris :</subfield>
		<subfield code="b">H. Béraldi,</subfield>
		<subfield code="c">1893.</subfield>
	  </datafield>
	  <datafield tag="300" ind1=" " ind2=" ">
		<subfield code="a">[8], ix, [3], 325, [3] p. :</subfield>
		<subfield code="b">col. ill. ;</subfield>
		<subfield code="c">28 cm.</subfield>
	  </datafield>
	  <datafield tag="500" ind1=" " ind2=" ">
		<subfield code="a">At head of title, "Tableaux de Paris" and author's name.</subfield>
	  </datafield>
	  <datafield tag="500" ind1=" " ind2=" ">
		<subfield code="a">"Tirage unique à 138 exemplaires numérotés a la presse sur papier vélin des Vosges"--2nd prelim p.</subfield>
	  </datafield>
	  <datafield tag="500" ind1=" " ind2=" ">
		<subfield code="a">The fifty full page color ill. are included in the pagination.</subfield>
	  </datafield>
	  <datafield tag="510" ind1="4" ind2=" ">
		<subfield code="a">Vicaire, G.  Livres du 19. s.,</subfield>
		<subfield code="c">III, 1078;</subfield>
	  </datafield>
	  <datafield tag="510" ind1="4" ind2=" ">
		<subfield code="a">Talvart &amp; Place.  Auteurs modernes,</subfield>
		<subfield code="c">7:239, no. 12.</subfield>
	  </datafield>
	  <datafield tag="510" ind1="4" ind2=" ">
		<subfield code="a">Cagle, W.R. Matter of taste (2nd ed.),</subfield>
		<subfield code="c">217.</subfield>
	  </datafield>
	  <datafield tag="590" ind1=" " ind2=" ">
		<subfield code="a">Library copy is no. 8, with printed recipients name: M. Paul de Boissy.</subfield>
	  </datafield>
	  <datafield tag="590" ind1=" " ind2=" ">
		<subfield code="a">Bound by Émile Carayon in full calf decorated front and back in the cuir-ciselé method showing various Japanese scenes; edges uncut, original wrappers retained.</subfield>
	  </datafield>
	  <datafield tag="591" ind1=" " ind2=" ">
		<subfield code="a"></subfield>
	  </datafield>
	  <datafield tag="650" ind1=" " ind2="0">
		<subfield code="a">Dinners and dining</subfield>
		<subfield code="z">France</subfield>
		<subfield code="z">Paris.</subfield>
	  </datafield>
	  <datafield tag="650" ind1=" " ind2="0">
		<subfield code="a">Food habits</subfield>
		<subfield code="z">France</subfield>
		<subfield code="z">Paris.</subfield>
	  </datafield>
	  <datafield tag="651" ind1=" " ind2="0">
		<subfield code="a">Paris (France)</subfield>
		<subfield code="x">Social life and customs</subfield>
		<subfield code="y">20th century.</subfield>
	  </datafield>
	  <datafield tag="655" ind1=" " ind2="7">
		<subfield code="a">Cuir-ciselé bindings (Binding)</subfield>
		<subfield code="z">France</subfield>
		<subfield code="y">19th century.</subfield>
	  </datafield>
	  <datafield tag="700" ind1="1" ind2="0">
		<subfield code="a">Vidal, Pierre,</subfield>
		<subfield code="d">b. 1849.</subfield>
	  </datafield>
	  <datafield tag="700" ind1="1" ind2="0">
		<subfield code="a">Carayon, Émile,</subfield>
		<subfield code="d">1843-1909,</subfield>
		<subfield code="e">binder.</subfield>
	  </datafield>
	  <datafield tag="740" ind1="0" ind2="1">
		<subfield code="a">Tableaux de Paris.</subfield>
	  </datafield>
	  <datafield tag="998" ind1=" " ind2=" ">
		<subfield code="a">4/14/1992</subfield>
		<subfield code="b">3/12/1999</subfield>
		<subfield code="c">4/14/1992</subfield>
	  </datafield>
	  <datafield tag="596" ind1=" " ind2=" ">
		<subfield code="a">19</subfield>
	  </datafield>
	  <datafield tag="999" ind1=" " ind2=" ">
		<subfield code="a">GT2853.F7 G68</subfield>
		<subfield code="w">LC</subfield>
		<subfield code="c">1</subfield>
		<subfield code="i">30000025569868</subfield>
		<subfield code="l">_LILLSTKS</subfield>
		<subfield code="m">B-LILLY</subfield>
		<subfield code="r">Y</subfield>
		<subfield code="s">Y</subfield>
		<subfield code="t">NORMAL</subfield>
		<subfield code="u">11/5/2000</subfield>
	  </datafield>
	</record>