
	<record>
	  <leader>01197cam a22003255  45 0</leader>
	  <controlfield tag="001">a260649</controlfield>
	  <controlfield tag="003">InU</controlfield>
	  <controlfield tag="008">760621s1938    enk           000 0aeng  </controlfield>
	  <datafield tag="010" ind1=" " ind2=" ">
		<subfield code="a">   38038668</subfield>
	  </datafield>
	  <datafield tag="035" ind1=" " ind2=" ">
		<subfield code="a">(InU)ACM3518BY</subfield>
	  </datafield>
	  <datafield tag="035" ind1=" " ind2=" ">
		<subfield code="a">(OCoLC)ocm02271850</subfield>
	  </datafield>
	  <datafield tag="040" ind1=" " ind2=" ">
		<subfield code="a">DLC</subfield>
		<subfield code="c">GUA</subfield>
		<subfield code="d">GUA</subfield>
		<subfield code="d">FUG</subfield>
	  </datafield>
	  <datafield tag="049" ind1=" " ind2=" ">
		<subfield code="a">IULA</subfield>
	  </datafield>
	  <datafield tag="050" ind1="0" ind2=" ">
		<subfield code="a">PR6045.O62</subfield>
		<subfield code="b">U7 1938</subfield>
	  </datafield>
	  <datafield tag="082" ind1=" " ind2=" ">
		<subfield code="a">928.2</subfield>
	  </datafield>
	  <datafield tag="100" ind1="1" ind2="0">
		<subfield code="a">Wolfe, Humbert,</subfield>
		<subfield code="d">1885-1940.</subfield>
	  </datafield>
	  <datafield tag="245" ind1="1" ind2="4">
		<subfield code="a">The upward anguish /</subfield>
		<subfield code="c">by Humbert Wolfe.</subfield>
	  </datafield>
	  <datafield tag="260" ind1="0" ind2=" ">
		<subfield code="a">London ...</subfield>
		<subfield code="b">Cassell and Company Ltd, </subfield>
		<subfield code="c">1938.</subfield>
	  </datafield>
	  <datafield tag="300" ind1=" " ind2=" ">
		<subfield code="a">xi, [1], 245, [3] p. ;</subfield>
		<subfield code="c">22 cm.</subfield>
	  </datafield>
	  <datafield tag="500" ind1=" " ind2=" ">
		<subfield code="a">A continuation of the author's autobiographical work, "Now a stranger," cf. Author's note.</subfield>
	  </datafield>
	  <datafield tag="500" ind1=" " ind2=" ">
		<subfield code="a">"The old man of Königsberg: a Greats week pantomime": p. [211]-245.</subfield>
	  </datafield>
	  <datafield tag="590" ind1=" " ind2=" ">
		<subfield code="a">Presentation copy, inscribed by the author.</subfield>
	  </datafield>
	  <datafield tag="590" ind1=" " ind2=" ">
		<subfield code="a">Bound in red cloth, with dust-jacket.</subfield>
	  </datafield>
	  <datafield tag="591" ind1=" " ind2=" ">
		<subfield code="a"></subfield>
	  </datafield>
	  <datafield tag="600" ind1="1" ind2="0">
		<subfield code="a">Wolfe, Humbert,</subfield>
		<subfield code="d">1885-1940.</subfield>
	  </datafield>
	  <datafield tag="655" ind1=" " ind2="7">
		<subfield code="a">Authors' presentation inscriptions (Provenance)</subfield>
		<subfield code="z">England</subfield>
		<subfield code="y">20th century.</subfield>
	  </datafield>
	  <datafield tag="740" ind1="0" ind2="2">
		<subfield code="a">Old man of Königsberg.</subfield>
	  </datafield>
	  <datafield tag="998" ind1=" " ind2=" ">
		<subfield code="a">4/21/1992</subfield>
		<subfield code="b">4/16/1996</subfield>
		<subfield code="c">4/21/1992</subfield>
	  </datafield>
	  <datafield tag="596" ind1=" " ind2=" ">
		<subfield code="a">19</subfield>
	  </datafield>
	  <datafield tag="999" ind1=" " ind2=" ">
		<subfield code="a">PR6045.O62 Z49 1938</subfield>
		<subfield code="w">LC</subfield>
		<subfield code="c">1</subfield>
		<subfield code="i">32000005583622</subfield>
		<subfield code="l">_LILLSTKS</subfield>
		<subfield code="m">B-LILLY</subfield>
		<subfield code="r">Y</subfield>
		<subfield code="s">Y</subfield>
		<subfield code="t">NORMAL</subfield>
		<subfield code="u">11/5/2000</subfield>
	  </datafield>
	</record>