
	<record>
	  <leader>02588cjm a2200541 a 45 0</leader>
	  <controlfield tag="001">a261358</controlfield>
	  <controlfield tag="003">InU</controlfield>
	  <controlfield tag="008">871201s1987    enksyn   dfhi       ger d</controlfield>
	  <controlfield tag="007">sd?fsngnn?m?ed</controlfield>
	  <datafield tag="024" ind1="1" ind2=" ">
		<subfield code="a">7777492212</subfield>
	  </datafield>
	  <datafield tag="028" ind1="0" ind2="2">
		<subfield code="a">CDC 7 49221 2</subfield>
		<subfield code="b">EMI</subfield>
	  </datafield>
	  <datafield tag="035" ind1=" " ind2=" ">
		<subfield code="a">(InU)ACM4770BM</subfield>
	  </datafield>
	  <datafield tag="033" ind1="0" ind2="0">
		<subfield code="a">198702--</subfield>
		<subfield code="b">5754</subfield>
		<subfield code="c">L7</subfield>
	  </datafield>
	  <datafield tag="035" ind1=" " ind2=" ">
		<subfield code="a">(OCoLC)ocm17156763</subfield>
	  </datafield>
	  <datafield tag="040" ind1=" " ind2=" ">
		<subfield code="a">WEL</subfield>
		<subfield code="c">WEL</subfield>
		<subfield code="d">OCL</subfield>
		<subfield code="d">ENG</subfield>
		<subfield code="d">OCL</subfield>
		<subfield code="d">WSU</subfield>
		<subfield code="d">TQL</subfield>
		<subfield code="d">OCL</subfield>
		<subfield code="d">TQL</subfield>
		<subfield code="d">CPL</subfield>
		<subfield code="d">IUL</subfield>
	  </datafield>
	  <datafield tag="041" ind1="0" ind2=" ">
		<subfield code="d">ger</subfield>
		<subfield code="e">engfreger</subfield>
		<subfield code="h">ger</subfield>
		<subfield code="g">engfreger</subfield>
		<subfield code="h">eng</subfield>
	  </datafield>
	  <datafield tag="045" ind1="2" ind2=" ">
		<subfield code="b">d1823</subfield>
		<subfield code="b">d1824</subfield>
	  </datafield>
	  <datafield tag="048" ind1=" " ind2=" ">
		<subfield code="b">va01</subfield>
		<subfield code="b">vb01</subfield>
		<subfield code="b">vd01</subfield>
		<subfield code="b">vf01</subfield>
		<subfield code="a">ca04</subfield>
		<subfield code="a">oa</subfield>
	  </datafield>
	  <datafield tag="100" ind1="1" ind2=" ">
		<subfield code="a">Beethoven, Ludwig van,</subfield>
		<subfield code="d">1770-1827.</subfield>
	  </datafield>
	  <datafield tag="240" ind1="1" ind2="0">
		<subfield code="a">Symphonies,</subfield>
		<subfield code="n">no. 9, op. 125,</subfield>
		<subfield code="r">D minor</subfield>
	  </datafield>
	  <datafield tag="245" ind1="0" ind2="0">
		<subfield code="a">Symphony no. 9 in D minor, op. 125</subfield>
		<subfield code="h">[sound recording] :</subfield>
		<subfield code="b">Choral /</subfield>
		<subfield code="c">Beethoven.</subfield>
	  </datafield>
	  <datafield tag="260" ind1=" " ind2=" ">
		<subfield code="a">Hayes, Middlesex, England :</subfield>
		<subfield code="b">EMI,</subfield>
		<subfield code="c">p1987.</subfield>
	  </datafield>
	  <datafield tag="300" ind1=" " ind2=" ">
		<subfield code="a">1 sound disc (62 min., 23 sec.) :</subfield>
		<subfield code="b">digital, stereo. ;</subfield>
		<subfield code="c">4 3/4 in.</subfield>
	  </datafield>
	  <datafield tag="306" ind1=" " ind2=" ">
		<subfield code="a">010223</subfield>
	  </datafield>
	  <datafield tag="440" ind1=" " ind2="0">
		<subfield code="a">Reflexe</subfield>
	  </datafield>
	  <datafield tag="546" ind1=" " ind2=" ">
		<subfield code="a">Sung in German.</subfield>
	  </datafield>
	  <datafield tag="500" ind1=" " ind2=" ">
		<subfield code="a">Text of last movement from Schiller's Ode to joy.</subfield>
	  </datafield>
	  <datafield tag="511" ind1="0" ind2=" ">
		<subfield code="a">Yvonne Kenny, soprano ; Sarah Walker, mezzo-soprano ; Patrick Power, tenor ; Petteri Salomaa, bass ; Schütz Choir of London ; London Classical Players ; Roger Norrington, conductor.</subfield>
	  </datafield>
	  <datafield tag="518" ind1=" " ind2=" ">
		<subfield code="a">Recorded Feb. 1987, No. 1 Studio, Abbey Road, London.</subfield>
	  </datafield>
	  <datafield tag="500" ind1=" " ind2=" ">
		<subfield code="a">Compact disc.</subfield>
	  </datafield>
	  <datafield tag="500" ind1=" " ind2=" ">
		<subfield code="a">Program notes by David Wyn Jones and Norrington in English with German and French translations, biographical notes on the performers, and text with English and French translations (39 p.) inserted in container.</subfield>
	  </datafield>
	  <datafield tag="650" ind1=" " ind2="0">
		<subfield code="a">Symphonies.</subfield>
	  </datafield>
	  <datafield tag="600" ind1="1" ind2="0">
		<subfield code="a">Schiller, Friedrich,</subfield>
		<subfield code="d">1759-1805</subfield>
		<subfield code="x">Musical settings.</subfield>
	  </datafield>
	  <datafield tag="650" ind1=" " ind2="4">
		<subfield code="a">TBA</subfield>
	  </datafield>
	  <datafield tag="700" ind1="1" ind2=" ">
		<subfield code="a">Schiller, Friedrich,</subfield>
		<subfield code="d">1759-1805.</subfield>
	  </datafield>
	  <datafield tag="700" ind1="1" ind2=" ">
		<subfield code="a">Kenny, Yvonne.</subfield>
		<subfield code="4">prf</subfield>
	  </datafield>
	  <datafield tag="700" ind1="1" ind2=" ">
		<subfield code="a">Walker, Sarah,</subfield>
		<subfield code="d">1943-</subfield>
		<subfield code="4">prf</subfield>
	  </datafield>
	  <datafield tag="700" ind1="1" ind2=" ">
		<subfield code="a">Power, Patrick,</subfield>
		<subfield code="d">1947-</subfield>
		<subfield code="4">prf</subfield>
	  </datafield>
	  <datafield tag="700" ind1="1" ind2=" ">
		<subfield code="a">Salomaa, Petteri</subfield>
		<subfield code="4">prf</subfield>
	  </datafield>
	  <datafield tag="700" ind1="1" ind2=" ">
		<subfield code="a">Norrington, Roger.</subfield>
		<subfield code="4">cnd</subfield>
	  </datafield>
	  <datafield tag="710" ind1="2" ind2=" ">
		<subfield code="a">Heinrich Schütz Choir.</subfield>
		<subfield code="4">prf</subfield>
	  </datafield>
	  <datafield tag="710" ind1="2" ind2=" ">
		<subfield code="a">London Classical Players.</subfield>
		<subfield code="4">prf</subfield>
	  </datafield>
	  <datafield tag="856" ind1="7" ind2=" ">
		<subfield code="u">http://www.music.indiana.edu/cgi-bin/var/access?ACM4770</subfield>
		<subfield code="2">http</subfield>
	  </datafield>
	  <datafield tag="998" ind1=" " ind2=" ">
		<subfield code="a">4/22/1992</subfield>
		<subfield code="b">3/16/1998</subfield>
		<subfield code="c">4/22/1992</subfield>
	  </datafield>
	  <datafield tag="596" ind1=" " ind2=" ">
		<subfield code="a">20 46</subfield>
	  </datafield>
	  <datafield tag="999" ind1=" " ind2=" ">
		<subfield code="a">ACM4770</subfield>
		<subfield code="w">ASIS</subfield>
		<subfield code="c">1</subfield>
		<subfield code="i">30000028994584</subfield>
		<subfield code="d">4/18/2007</subfield>
		<subfield code="e">4/18/2007</subfield>
		<subfield code="l">_MUEMACD</subfield>
		<subfield code="m">B-MUSIC</subfield>
		<subfield code="n">13</subfield>
		<subfield code="q">3</subfield>
		<subfield code="r">Y</subfield>
		<subfield code="s">Y</subfield>
		<subfield code="t">AV</subfield>
		<subfield code="u">11/5/2000</subfield>
		<subfield code="x">EARLYMUSIC</subfield>
		<subfield code="z">CD</subfield>
		<subfield code="o">.STAFF.  Includes 1 insert.</subfield>
	  </datafield>
	  <datafield tag="999" ind1=" " ind2=" ">
		<subfield code="a">CD .B414 G1.9-106</subfield>
		<subfield code="w">ASIS</subfield>
		<subfield code="c">1</subfield>
		<subfield code="i">30000038118687</subfield>
		<subfield code="d">7/6/2007</subfield>
		<subfield code="e">5/9/2007</subfield>
		<subfield code="l">CD</subfield>
		<subfield code="m">B-MUSIC</subfield>
		<subfield code="n">23</subfield>
		<subfield code="q">9</subfield>
		<subfield code="r">Y</subfield>
		<subfield code="s">Y</subfield>
		<subfield code="t">AV</subfield>
		<subfield code="u">11/5/2000</subfield>
		<subfield code="z">CD</subfield>
		<subfield code="o">.STAFF. Includes 1 insert</subfield>
	  </datafield>
	  <datafield tag="999" ind1=" " ind2=" ">
		<subfield code="a">M1001 .B44 no.9 1987</subfield>
		<subfield code="w">LC</subfield>
		<subfield code="c">1</subfield>
		<subfield code="i">30000086400912</subfield>
		<subfield code="d">11/8/2004</subfield>
		<subfield code="e">11/5/2004</subfield>
		<subfield code="l">_SBCDCD</subfield>
		<subfield code="m">SBEND</subfield>
		<subfield code="n">1</subfield>
		<subfield code="r">Y</subfield>
		<subfield code="s">Y</subfield>
		<subfield code="t">DAY07</subfield>
		<subfield code="u">6/24/2004</subfield>
		<subfield code="o">.STAFF. CAT;06-24-2004;SB134</subfield>
	  </datafield>
	</record>