
	<record>
	  <leader>02269cgm a2200433 a 45 0</leader>
	  <controlfield tag="001">a264824</controlfield>
	  <controlfield tag="003">InU</controlfield>
	  <controlfield tag="007">vf?cbaho?</controlfield>
	  <controlfield tag="008">920303s1992    nju187           0vleng d</controlfield>
	  <datafield tag="035" ind1=" " ind2=" ">
		<subfield code="a">(InU)ACN1086BB</subfield>
	  </datafield>
	  <datafield tag="035" ind1=" " ind2=" ">
		<subfield code="a">(OCoLC)ocm25380564</subfield>
	  </datafield>
	  <datafield tag="040" ind1=" " ind2=" ">
		<subfield code="a">GBL</subfield>
		<subfield code="c">GBL</subfield>
		<subfield code="d">IUL</subfield>
	  </datafield>
	  <datafield tag="049" ind1=" " ind2=" ">
		<subfield code="a">IULA</subfield>
	  </datafield>
	  <datafield tag="092" ind1=" " ind2=" ">
		<subfield code="a">822.33</subfield>
		<subfield code="b">O87</subfield>
	  </datafield>
	  <datafield tag="245" ind1="0" ind2="0">
		<subfield code="a">Othello</subfield>
		<subfield code="h">[videorecording] /</subfield>
		<subfield code="c">by William Shakespeare ; Othello Productions and Focus Films ; producer, David Pupkewitz ; directed by Janet Suzman.</subfield>
	  </datafield>
	  <datafield tag="260" ind1=" " ind2=" ">
		<subfield code="a">Princeton, N.J. :</subfield>
		<subfield code="b">Films for the Humanities &amp; Sciences,</subfield>
		<subfield code="c">c1992.</subfield>
	  </datafield>
	  <datafield tag="300" ind1=" " ind2=" ">
		<subfield code="a">2 videocassettes (187 min.) :</subfield>
		<subfield code="b">sd., col. ;</subfield>
		<subfield code="c">1/2 in.</subfield>
	  </datafield>
	  <datafield tag="538" ind1=" " ind2=" ">
		<subfield code="a">VHS.</subfield>
	  </datafield>
	  <datafield tag="500" ind1=" " ind2=" ">
		<subfield code="a">Drama.</subfield>
	  </datafield>
	  <datafield tag="511" ind1="1" ind2=" ">
		<subfield code="a">John Kani, Richard Haddon Haines, Joanna Weinberg, Market Theatre  Company.</subfield>
	  </datafield>
	  <datafield tag="508" ind1=" " ind2=" ">
		<subfield code="a">Editor, Revel Fox ; music composed by John Oakley-Smith.</subfield>
	  </datafield>
	  <datafield tag="500" ind1=" " ind2=" ">
		<subfield code="a">Filmed in the Market Theatre, Johannesburg.</subfield>
	  </datafield>
	  <datafield tag="520" ind1=" " ind2=" ">
		<subfield code="a">Presents William Shakespeare's play about a man, Othello, whose jealousy (fostered by Iago) of his wife, Desdemona, leads to tragic consequences.</subfield>
	  </datafield>
	  <datafield tag="500" ind1=" " ind2=" ">
		<subfield code="a">"FFH 3030."</subfield>
	  </datafield>
	  <datafield tag="590" ind1=" " ind2=" ">
		<subfield code="a">I-UNIVLIB: Includes public performance rights.</subfield>
	  </datafield>
	  <datafield tag="700" ind1="1" ind2="1">
		<subfield code="a">Shakespeare, William,</subfield>
		<subfield code="d">1564-1616.</subfield>
		<subfield code="t">Othello.</subfield>
	  </datafield>
	  <datafield tag="700" ind1="1" ind2="1">
		<subfield code="a">Kani, John.</subfield>
	  </datafield>
	  <datafield tag="700" ind1="1" ind2="1">
		<subfield code="a">Suzman, Janet.</subfield>
	  </datafield>
	  <datafield tag="700" ind1="1" ind2="1">
		<subfield code="a">Pupkewitz, David,</subfield>
		<subfield code="d">1951-</subfield>
	  </datafield>
	  <datafield tag="710" ind1="2" ind2="1">
		<subfield code="a">Market Theatre Company (Johannesburg, South Africa)</subfield>
	  </datafield>
	  <datafield tag="710" ind1="2" ind2="1">
		<subfield code="a">Othello Productions (Firm)</subfield>
	  </datafield>
	  <datafield tag="710" ind1="2" ind2="1">
		<subfield code="a">Focus Films.</subfield>
	  </datafield>
	  <datafield tag="710" ind1="2" ind2="1">
		<subfield code="a">Films for the Humanities (Firm)</subfield>
	  </datafield>
	  <datafield tag="998" ind1=" " ind2=" ">
		<subfield code="a">4/30/1992</subfield>
		<subfield code="b">9/23/1992</subfield>
		<subfield code="c">4/30/1992</subfield>
	  </datafield>
	  <datafield tag="596" ind1=" " ind2=" ">
		<subfield code="a">1 42</subfield>
	  </datafield>
	  <datafield tag="999" ind1=" " ind2=" ">
		<subfield code="a">PR2829.A2 S89 1992 pt. 1</subfield>
		<subfield code="w">LC</subfield>
		<subfield code="c">1</subfield>
		<subfield code="i">30000027220700</subfield>
		<subfield code="d">12/23/2008</subfield>
		<subfield code="e">12/19/2008</subfield>
		<subfield code="l">_MDIAVIDE</subfield>
		<subfield code="m">B-WELLS</subfield>
		<subfield code="n">76</subfield>
		<subfield code="q">7</subfield>
		<subfield code="r">Y</subfield>
		<subfield code="s">Y</subfield>
		<subfield code="t">AV</subfield>
		<subfield code="u">11/5/2000</subfield>
		<subfield code="o">.STAFF.  B-MAIN/_MDIAVIDE</subfield>
	  </datafield>
	  <datafield tag="999" ind1=" " ind2=" ">
		<subfield code="a">PR2829.A2 S89 1992 pt. 2</subfield>
		<subfield code="w">LC</subfield>
		<subfield code="c">1</subfield>
		<subfield code="i">30000027220718</subfield>
		<subfield code="d">12/23/2008</subfield>
		<subfield code="e">12/19/2008</subfield>
		<subfield code="l">_MDIAVIDE</subfield>
		<subfield code="m">B-WELLS</subfield>
		<subfield code="n">61</subfield>
		<subfield code="q">1</subfield>
		<subfield code="r">Y</subfield>
		<subfield code="s">Y</subfield>
		<subfield code="t">AV</subfield>
		<subfield code="u">11/5/2000</subfield>
		<subfield code="o">.STAFF.  B-MAIN/_MDIAVIDE</subfield>
	  </datafield>
	  <datafield tag="999" ind1=" " ind2=" ">
		<subfield code="a">PR2829.A2 O854 1988 pt.1</subfield>
		<subfield code="w">LC</subfield>
		<subfield code="c">1</subfield>
		<subfield code="i">30000079133728</subfield>
		<subfield code="d">10/12/2009</subfield>
		<subfield code="e">10/12/2009</subfield>
		<subfield code="l">STACKS</subfield>
		<subfield code="m">I-UNIVLIB</subfield>
		<subfield code="n">13</subfield>
		<subfield code="p">$99.00</subfield>
		<subfield code="r">Y</subfield>
		<subfield code="s">Y</subfield>
		<subfield code="t">AV</subfield>
		<subfield code="u">4/24/2002</subfield>
		<subfield code="z">VHS</subfield>
		<subfield code="o">.STAFF. CAT;04-24-2002;UL008</subfield>
		<subfield code="o">.PUBLIC. Includes public performance rights.</subfield>
	  </datafield>
	  <datafield tag="999" ind1=" " ind2=" ">
		<subfield code="a">PR2829.A2 O854 1988 pt.2</subfield>
		<subfield code="w">LC</subfield>
		<subfield code="c">1</subfield>
		<subfield code="i">30000079133710</subfield>
		<subfield code="d">10/31/2009</subfield>
		<subfield code="e">10/29/2009</subfield>
		<subfield code="l">STACKS</subfield>
		<subfield code="m">I-UNIVLIB</subfield>
		<subfield code="n">14</subfield>
		<subfield code="p">$99.00</subfield>
		<subfield code="r">Y</subfield>
		<subfield code="s">Y</subfield>
		<subfield code="t">AV</subfield>
		<subfield code="u">4/24/2002</subfield>
		<subfield code="z">VHS</subfield>
		<subfield code="o">.PUBLIC. Includes public performance rights.</subfield>
	  </datafield>
	</record>