
	<record>
	  <leader>01416cas a2200373 a 45 0</leader>
	  <controlfield tag="001">a488066</controlfield>
	  <controlfield tag="003">InU</controlfield>
	  <controlfield tag="008">940415c19949999njuar         0    0eng d</controlfield>
	  <datafield tag="035" ind1=" " ind2=" ">
		<subfield code="a">(InU)AEH3163BW</subfield>
	  </datafield>
	  <datafield tag="035" ind1=" " ind2=" ">
		<subfield code="a">(OCoLC)ocm30149749</subfield>
	  </datafield>
	  <datafield tag="040" ind1=" " ind2=" ">
		<subfield code="a">SGK</subfield>
		<subfield code="c">SGK</subfield>
	  </datafield>
	  <datafield tag="049" ind1=" " ind2=" ">
		<subfield code="a">[Ref.]IUBA</subfield>
	  </datafield>
	  <datafield tag="090" ind1=" " ind2=" ">
		<subfield code="a">CT212.M357</subfield>
	  </datafield>
	  <datafield tag="092" ind1=" " ind2=" ">
		<subfield code="a">920.073</subfield>
		<subfield code="b">MAR</subfield>
	  </datafield>
	  <datafield tag="245" ind1="0" ind2="0">
		<subfield code="a">Index to Marquis Who's Who publications.</subfield>
	  </datafield>
	  <datafield tag="246" ind1="1" ind2="0">
		<subfield code="a">Index to Who's Who publications.</subfield>
	  </datafield>
	  <datafield tag="246" ind1="1" ind2="3">
		<subfield code="a">Index to Marquis Who's Who books.</subfield>
	  </datafield>
	  <datafield tag="246" ind1="1" ind2="3">
		<subfield code="a">Index to Who's Who books.</subfield>
	  </datafield>
	  <datafield tag="247" ind1="1" ind2="0">
		<subfield code="a">Marquis Who's Who index to Who's Who books.</subfield>
	  </datafield>
	  <datafield tag="260" ind1=" " ind2="0">
		<subfield code="a">New Providence, NJ: Marquis Who's Who, a Reed Reference Publishing Co., c1994.</subfield>
	  </datafield>
	  <datafield tag="300" ind1=" " ind2=" ">
		<subfield code="a">v.;</subfield>
		<subfield code="c">31 cm.</subfield>
	  </datafield>
	  <datafield tag="310" ind1=" " ind2=" ">
		<subfield code="a">Annual.</subfield>
	  </datafield>
	  <datafield tag="362" ind1="1" ind2=" ">
		<subfield code="a">1994-</subfield>
	  </datafield>
	  <datafield tag="440" ind1=" " ind2="2">
		<subfield code="a">A Marquis Who's Who in America publication.</subfield>
	  </datafield>
	  <datafield tag="591" ind1=" " ind2=" ">
		<subfield code="a"></subfield>
	  </datafield>
	  <datafield tag="650" ind1=" " ind2="0">
		<subfield code="a">Biography</subfield>
		<subfield code="x">Indexes</subfield>
		<subfield code="x">Periodicals.</subfield>
	  </datafield>
	  <datafield tag="651" ind1=" " ind2="0">
		<subfield code="a">United States</subfield>
		<subfield code="x">Biography</subfield>
		<subfield code="x">Indexes</subfield>
		<subfield code="x">Periodicals.</subfield>
	  </datafield>
	  <datafield tag="710" ind1="2" ind2="0">
		<subfield code="a">Marquis Who's Who, Inc.</subfield>
	  </datafield>
	  <datafield tag="780" ind1="0" ind2="0">
		<subfield code="t">Marquis Who's Who index to Who's Who books.</subfield>
		<subfield code="w">(OCoLC)12056673</subfield>
	  </datafield>
	  <datafield tag="998" ind1=" " ind2=" ">
		<subfield code="a">4/25/1994</subfield>
		<subfield code="b">5/4/1994</subfield>
		<subfield code="c">4/25/1994</subfield>
	  </datafield>
	  <datafield tag="596" ind1=" " ind2=" ">
		<subfield code="a">17</subfield>
	  </datafield>
	  <datafield tag="999" ind1=" " ind2=" ">
		<subfield code="a">CT212 .M357 1994</subfield>
		<subfield code="w">LC</subfield>
		<subfield code="c">1</subfield>
		<subfield code="i">30000038889196</subfield>
		<subfield code="l">_BLAWGENCL</subfield>
		<subfield code="m">B-LAW</subfield>
		<subfield code="r">Y</subfield>
		<subfield code="s">Y</subfield>
		<subfield code="t">NORMAL</subfield>
		<subfield code="u">11/5/2000</subfield>
	  </datafield>
	  <datafield tag="999" ind1=" " ind2=" ">
		<subfield code="a">CT212 .M357 1995</subfield>
		<subfield code="w">LC</subfield>
		<subfield code="c">1</subfield>
		<subfield code="i">30000043402944</subfield>
		<subfield code="l">_BLAWGENCL</subfield>
		<subfield code="m">B-LAW</subfield>
		<subfield code="r">Y</subfield>
		<subfield code="s">Y</subfield>
		<subfield code="t">NORMAL</subfield>
		<subfield code="u">11/5/2000</subfield>
	  </datafield>
	  <datafield tag="999" ind1=" " ind2=" ">
		<subfield code="a">CT212 .M357 1996</subfield>
		<subfield code="w">LC</subfield>
		<subfield code="c">1</subfield>
		<subfield code="i">30000045244344</subfield>
		<subfield code="l">REFERENCE</subfield>
		<subfield code="m">B-LAW</subfield>
		<subfield code="r">Y</subfield>
		<subfield code="s">Y</subfield>
		<subfield code="t">NONCIRC</subfield>
		<subfield code="u">11/5/2000</subfield>
		<subfield code="o">.STAFF.  B-LAW/_BLAWGENCL</subfield>
	  </datafield>
	</record>