
	<record>
	  <leader>01688cam a2200385 a 45 0</leader>
	  <controlfield tag="001">a489059</controlfield>
	  <controlfield tag="003">InU</controlfield>
	  <controlfield tag="008">940322s1994    dcua     b   f000 0 eng d</controlfield>
	  <datafield tag="020" ind1=" " ind2=" ">
		<subfield code="a">0160436796</subfield>
	  </datafield>
	  <datafield tag="035" ind1=" " ind2=" ">
		<subfield code="a">(InU)AEH4898BW</subfield>
	  </datafield>
	  <datafield tag="035" ind1=" " ind2=" ">
		<subfield code="a">(OCoLC)ocm29999144</subfield>
	  </datafield>
	  <datafield tag="040" ind1=" " ind2=" ">
		<subfield code="a">GPO</subfield>
		<subfield code="c">GPO</subfield>
		<subfield code="d">IUB</subfield>
	  </datafield>
	  <datafield tag="043" ind1=" " ind2=" ">
		<subfield code="a">n-us---</subfield>
		<subfield code="a">n-mx---</subfield>
		<subfield code="a">n-cn---</subfield>
	  </datafield>
	  <datafield tag="049" ind1=" " ind2=" ">
		<subfield code="a">IUBD</subfield>
	  </datafield>
	  <datafield tag="074" ind1=" " ind2=" ">
		<subfield code="a">1020-A</subfield>
	  </datafield>
	  <datafield tag="086" ind1="0" ind2=" ">
		<subfield code="a">Y 4.J 89/1:103/18</subfield>
	  </datafield>
	  <datafield tag="088" ind1=" " ind2=" ">
		<subfield code="a">Serial no. 18 (United States. Congress. House. Committee on the Judiciary)</subfield>
	  </datafield>
	  <datafield tag="099" ind1=" " ind2=" ">
		<subfield code="a">Y 4.J</subfield>
		<subfield code="a">89/1:</subfield>
		<subfield code="a">103/18</subfield>
	  </datafield>
	  <datafield tag="110" ind1="1" ind2=" ">
		<subfield code="a">United States.</subfield>
		<subfield code="b">Congress.</subfield>
		<subfield code="b">House.</subfield>
		<subfield code="b">Committee on the Judiciary.</subfield>
		<subfield code="b">Subcommittee on International Law, Immigration, and Refugees.</subfield>
	  </datafield>
	  <datafield tag="245" ind1="1" ind2="0">
		<subfield code="a">Immigration-related issues in the North American Free Trade Agreement :</subfield>
		<subfield code="b">hearing before the Subcommittee on International Law, Immigration, and Refugees of the Committee on the Judiciary, House of Representatives, One Hundred Third Congress, first session, November 3, 1993.</subfield>
	  </datafield>
	  <datafield tag="260" ind1=" " ind2=" ">
		<subfield code="a">Washington :</subfield>
		<subfield code="b">U.S. G.P.O. :</subfield>
		<subfield code="c">1994.</subfield>
	  </datafield>
	  <datafield tag="300" ind1=" " ind2=" ">
		<subfield code="a">iv, 316 p. :</subfield>
		<subfield code="b">ill. ;</subfield>
		<subfield code="c">24 cm.</subfield>
	  </datafield>
	  <datafield tag="504" ind1=" " ind2=" ">
		<subfield code="a">Includes bibliographical references.</subfield>
	  </datafield>
	  <datafield tag="500" ind1=" " ind2=" ">
		<subfield code="a">"Serial no. 18."</subfield>
	  </datafield>
	  <datafield tag="591" ind1=" " ind2=" ">
		<subfield code="a"></subfield>
	  </datafield>
	  <datafield tag="610" ind1="1" ind2="0">
		<subfield code="a">Canada.</subfield>
		<subfield code="t">Treaties, etc.</subfield>
		<subfield code="d">1992 Oct. 7.</subfield>
	  </datafield>
	  <datafield tag="650" ind1=" " ind2="0">
		<subfield code="a">Free trade</subfield>
		<subfield code="z">United States.</subfield>
	  </datafield>
	  <datafield tag="650" ind1=" " ind2="0">
		<subfield code="a">Free trade</subfield>
		<subfield code="z">Mexico.</subfield>
	  </datafield>
	  <datafield tag="651" ind1=" " ind2="0">
		<subfield code="a">United States</subfield>
		<subfield code="x">Emigration and immigration</subfield>
		<subfield code="x">Economic aspects.</subfield>
	  </datafield>
	  <datafield tag="651" ind1=" " ind2="0">
		<subfield code="a">Mexico</subfield>
		<subfield code="x">Emigration and immigration</subfield>
		<subfield code="x">Economic aspects.</subfield>
	  </datafield>
	  <datafield tag="650" ind1=" " ind2="0">
		<subfield code="a">Mexicans</subfield>
		<subfield code="x">Employment</subfield>
		<subfield code="z">United States.</subfield>
	  </datafield>
	  <datafield tag="650" ind1=" " ind2="0">
		<subfield code="a">Foreign workers, Mexican</subfield>
		<subfield code="z">United States.</subfield>
	  </datafield>
	  <datafield tag="998" ind1=" " ind2=" ">
		<subfield code="a">4/27/1994</subfield>
		<subfield code="c">4/27/1994</subfield>
	  </datafield>
	  <datafield tag="596" ind1=" " ind2=" ">
		<subfield code="a">17</subfield>
	  </datafield>
	  <datafield tag="999" ind1=" " ind2=" ">
		<subfield code="a">Y 4.J 89/1:103/18</subfield>
		<subfield code="w">SUDOC</subfield>
		<subfield code="c">1</subfield>
		<subfield code="i">30000039026111</subfield>
		<subfield code="d">2/16/1999</subfield>
		<subfield code="l">_BLAWUSDOC</subfield>
		<subfield code="m">B-LAW</subfield>
		<subfield code="r">Y</subfield>
		<subfield code="s">Y</subfield>
		<subfield code="t">NORMAL</subfield>
		<subfield code="u">11/5/2000</subfield>
		<subfield code="x">GOVDOCS</subfield>
	  </datafield>
	</record>