
	<record>
	  <leader>01893cam a2200301 a 45 0</leader>
	  <controlfield tag="001">a493648</controlfield>
	  <controlfield tag="003">InU</controlfield>
	  <controlfield tag="008">931018s1993    cau           00000 eng d</controlfield>
	  <datafield tag="020" ind1=" " ind2=" ">
		<subfield code="a">1556431694 (pbk.) :</subfield>
		<subfield code="c">$10.00</subfield>
	  </datafield>
	  <datafield tag="035" ind1=" " ind2=" ">
		<subfield code="a">(InU)AEJ3313BB</subfield>
	  </datafield>
	  <datafield tag="035" ind1=" " ind2=" ">
		<subfield code="a">(OCoLC)ocm29041926</subfield>
	  </datafield>
	  <datafield tag="040" ind1=" " ind2=" ">
		<subfield code="a">DMM</subfield>
		<subfield code="c">DMM</subfield>
		<subfield code="d">IAI</subfield>
	  </datafield>
	  <datafield tag="049" ind1=" " ind2=" ">
		<subfield code="a">IULA</subfield>
	  </datafield>
	  <datafield tag="090" ind1=" " ind2=" ">
		<subfield code="a">HF1704</subfield>
		<subfield code="b">.C37 1993</subfield>
	  </datafield>
	  <datafield tag="092" ind1=" " ind2=" ">
		<subfield code="a">382.71</subfield>
		<subfield code="b">C337</subfield>
	  </datafield>
	  <datafield tag="245" ind1="0" ind2="4">
		<subfield code="a">The Case against free trade :</subfield>
		<subfield code="b">GATT, NAFTA, and the globalization of corporate power /</subfield>
		<subfield code="c">Ralph Nader ... [et al.].</subfield>
	  </datafield>
	  <datafield tag="260" ind1=" " ind2=" ">
		<subfield code="a">San Francisco, CA :</subfield>
		<subfield code="b">Earth Island Press,</subfield>
		<subfield code="c">c1993.</subfield>
	  </datafield>
	  <datafield tag="300" ind1=" " ind2=" ">
		<subfield code="a">230 p. ;</subfield>
		<subfield code="c">22 cm.</subfield>
	  </datafield>
	  <datafield tag="505" ind1="0" ind2=" ">
		<subfield code="a">Introduction, free trade and the decline of democracy / R. Nader -- Megatechnology, trade, and the new world order / J. Mander -- Hidden dangers of GATT and NAFTA / L. Wallach -- Free trade is not free / E.G. Brown, Jr. -- Happily never NAFTA, there's no such thing as a free trade / T. Lee -- Another NAFTA, what a good trade agreement should offer / J.G. Castañeda and C. Heredia -- Blind faith and free trade / M. Atwood -- Free trade and the Third World / M. Khor -- Biodiversity and intellectual property rights / V. Shiva -- From adjustment to sustainable development, the obstacle of free trade / H.E. Daly -- Dolphins and GATT / D. Phillips -- Free trade, the great destroyer / D. Morris -- A bad big idea / W. Berry -- Agricultural trade liberalization, implications for sustainable agriculture / M. Ritchie -- The global marketplace, a closet dictator / W. Greider.</subfield>
	  </datafield>
	  <datafield tag="504" ind1=" " ind2=" ">
		<subfield code="a">Includes bibliographical references.</subfield>
	  </datafield>
	  <datafield tag="591" ind1=" " ind2=" ">
		<subfield code="a"></subfield>
	  </datafield>
	  <datafield tag="651" ind1=" " ind2="0">
		<subfield code="a">North America</subfield>
		<subfield code="x">Commerce.</subfield>
	  </datafield>
	  <datafield tag="650" ind1=" " ind2="0">
		<subfield code="a">Free trade</subfield>
		<subfield code="z">North America.</subfield>
	  </datafield>
	  <datafield tag="630" ind1="0" ind2="0">
		<subfield code="a">General Agreement on Tariffs and Trade</subfield>
		<subfield code="d">(1947)</subfield>
	  </datafield>
	  <datafield tag="700" ind1="1" ind2="0">
		<subfield code="a">Nader, Ralph.</subfield>
	  </datafield>
	  <datafield tag="998" ind1=" " ind2=" ">
		<subfield code="a">5/10/1994</subfield>
		<subfield code="b">8/5/1994</subfield>
		<subfield code="c">3/14/1997</subfield>
	  </datafield>
	  <datafield tag="596" ind1=" " ind2=" ">
		<subfield code="a">5</subfield>
	  </datafield>
	  <datafield tag="999" ind1=" " ind2=" ">
		<subfield code="a">HF1704 .C37 1993</subfield>
		<subfield code="w">LC</subfield>
		<subfield code="c">1</subfield>
		<subfield code="i">30000113895860</subfield>
		<subfield code="d">5/5/2006</subfield>
		<subfield code="e">4/18/2006</subfield>
		<subfield code="l">_ALF</subfield>
		<subfield code="m">B-ALF</subfield>
		<subfield code="n">4</subfield>
		<subfield code="q">3</subfield>
		<subfield code="r">Y</subfield>
		<subfield code="s">Y</subfield>
		<subfield code="t">NORMAL</subfield>
		<subfield code="u">11/5/2000</subfield>
	  </datafield>
	</record>