
	<record>
	  <leader>00973cam a2200289 a 45 0</leader>
	  <controlfield tag="001">a504976</controlfield>
	  <controlfield tag="003">InU</controlfield>
	  <controlfield tag="008">950113s1993    un a          00010dukrod</controlfield>
	  <datafield tag="020" ind1=" " ind2=" ">
		<subfield code="a">5851540141 :</subfield>
		<subfield code="c">$13.95</subfield>
	  </datafield>
	  <datafield tag="035" ind1=" " ind2=" ">
		<subfield code="a">(InU)AEL3023BB</subfield>
	  </datafield>
	  <datafield tag="035" ind1=" " ind2=" ">
		<subfield code="a">(OCoLC)ocm31811117</subfield>
	  </datafield>
	  <datafield tag="040" ind1=" " ind2=" ">
		<subfield code="a">CLE</subfield>
		<subfield code="c">CLE</subfield>
		<subfield code="d">IUL</subfield>
	  </datafield>
	  <datafield tag="043" ind1=" " ind2=" ">
		<subfield code="a">e-ur-un</subfield>
	  </datafield>
	  <datafield tag="049" ind1=" " ind2=" ">
		<subfield code="a">IULA</subfield>
	  </datafield>
	  <datafield tag="090" ind1=" " ind2=" ">
		<subfield code="a">DK508.51</subfield>
		<subfield code="b">.S58 1993x</subfield>
	  </datafield>
	  <datafield tag="100" ind1="1" ind2=" ">
		<subfield code="a">Slaboshpyt͡sʹkyĭ, Mykhaĭlo.</subfield>
	  </datafield>
	  <datafield tag="245" ind1="1" ind2="0">
		<subfield code="a">Z holosu nashoï Klio :</subfield>
		<subfield code="b">podiï i li͡udy ukraïnsʹkoï istoriï /</subfield>
		<subfield code="c">Mykhaĭlo Slaboshpyt͡sʹkyĭ.</subfield>
	  </datafield>
	  <datafield tag="260" ind1=" " ind2=" ">
		<subfield code="a">Kyïv :</subfield>
		<subfield code="b">Firma "Dovira",</subfield>
		<subfield code="c">1993.</subfield>
	  </datafield>
	  <datafield tag="300" ind1=" " ind2=" ">
		<subfield code="a">254 p. :</subfield>
		<subfield code="b">ill. ;</subfield>
		<subfield code="c">22 cm.</subfield>
	  </datafield>
	  <datafield tag="500" ind1=" " ind2=" ">
		<subfield code="a">"Pidruchnyky dli͡a tykh, komu u shkoli nudno."</subfield>
	  </datafield>
	  <datafield tag="591" ind1=" " ind2=" ">
		<subfield code="a"></subfield>
	  </datafield>
	  <datafield tag="651" ind1=" " ind2="0">
		<subfield code="a">Ukraine</subfield>
		<subfield code="x">Biography.</subfield>
	  </datafield>
	  <datafield tag="651" ind1=" " ind2="0">
		<subfield code="a">Ukraine</subfield>
		<subfield code="x">History</subfield>
		<subfield code="y">To 1648.</subfield>
	  </datafield>
	  <datafield tag="651" ind1=" " ind2="0">
		<subfield code="a">Ukraine</subfield>
		<subfield code="x">History</subfield>
		<subfield code="y">1648-1775.</subfield>
	  </datafield>
	  <datafield tag="998" ind1=" " ind2=" ">
		<subfield code="a">6/15/1994</subfield>
		<subfield code="b">11/28/1995</subfield>
		<subfield code="c">11/28/1995</subfield>
	  </datafield>
	  <datafield tag="596" ind1=" " ind2=" ">
		<subfield code="a">1</subfield>
	  </datafield>
	  <datafield tag="999" ind1=" " ind2=" ">
		<subfield code="a">DK508.51 .S58 1993</subfield>
		<subfield code="w">LC</subfield>
		<subfield code="c">1</subfield>
		<subfield code="i">30000037422940</subfield>
		<subfield code="d">12/1/1995</subfield>
		<subfield code="l">_RCSTACKS</subfield>
		<subfield code="m">B-WELLS</subfield>
		<subfield code="q">1</subfield>
		<subfield code="r">Y</subfield>
		<subfield code="s">Y</subfield>
		<subfield code="t">NORMAL</subfield>
		<subfield code="u">11/6/2000</subfield>
	  </datafield>
	</record>