
	<record>
	  <leader>01244cam a2200325 a 45 0</leader>
	  <controlfield tag="001">a487081</controlfield>
	  <controlfield tag="003">InU</controlfield>
	  <controlfield tag="008">940526s1994    fi       b    00010 eng d</controlfield>
	  <datafield tag="020" ind1=" " ind2=" ">
		<subfield code="a">9514107357</subfield>
	  </datafield>
	  <datafield tag="035" ind1=" " ind2=" ">
		<subfield code="a">(InU)AEH1556BB</subfield>
	  </datafield>
	  <datafield tag="035" ind1=" " ind2=" ">
		<subfield code="a">(OCoLC)ocm30498331</subfield>
	  </datafield>
	  <datafield tag="040" ind1=" " ind2=" ">
		<subfield code="a">IND</subfield>
		<subfield code="c">IND</subfield>
		<subfield code="d">UMC</subfield>
		<subfield code="d">IUL</subfield>
	  </datafield>
	  <datafield tag="042" ind1=" " ind2=" ">
		<subfield code="a">lcnccp</subfield>
	  </datafield>
	  <datafield tag="049" ind1=" " ind2=" ">
		<subfield code="a">IULA</subfield>
	  </datafield>
	  <datafield tag="050" ind1="1" ind2="4">
		<subfield code="a">QA321.5</subfield>
		<subfield code="b">.K58 1994</subfield>
	  </datafield>
	  <datafield tag="100" ind1="1" ind2=" ">
		<subfield code="a">Kittilä, Arto.</subfield>
	  </datafield>
	  <datafield tag="245" ind1="1" ind2="0">
		<subfield code="a">On the topological degree for a class of mappings of monotone type and applications to strongly nonlinear elliptic problems /</subfield>
		<subfield code="c">Arto Kittilä.</subfield>
	  </datafield>
	  <datafield tag="260" ind1=" " ind2=" ">
		<subfield code="a">Helsinki :</subfield>
		<subfield code="b">Suomalainen Tiedeakatemia :</subfield>
		<subfield code="b">Distributed by Akateeminen Kirjakauppa,</subfield>
		<subfield code="c">c1994.</subfield>
	  </datafield>
	  <datafield tag="300" ind1=" " ind2=" ">
		<subfield code="a">48 p. ;</subfield>
		<subfield code="c">25 cm.</subfield>
	  </datafield>
	  <datafield tag="440" ind1=" " ind2="0">
		<subfield code="a">Annales Academiae Scientiarum Fennicae.</subfield>
		<subfield code="n">Series A,</subfield>
		<subfield code="n">I,</subfield>
		<subfield code="p">Mathematica.</subfield>
		<subfield code="p">Dissertationes,</subfield>
		<subfield code="x">0355-0087 ;</subfield>
		<subfield code="v">91</subfield>
	  </datafield>
	  <datafield tag="502" ind1=" " ind2=" ">
		<subfield code="a">Thesis (Ph. D.)--University of Oulu, 1994.</subfield>
	  </datafield>
	  <datafield tag="504" ind1=" " ind2=" ">
		<subfield code="a">Includes bibliographical references (p. 47-48).</subfield>
	  </datafield>
	  <datafield tag="591" ind1=" " ind2=" ">
		<subfield code="a"></subfield>
	  </datafield>
	  <datafield tag="650" ind1=" " ind2="0">
		<subfield code="a">Nonlinear functional analysis.</subfield>
	  </datafield>
	  <datafield tag="650" ind1=" " ind2="0">
		<subfield code="a">Elliptic operators.</subfield>
	  </datafield>
	  <datafield tag="650" ind1=" " ind2="0">
		<subfield code="a">Mappings (Mathematics)</subfield>
	  </datafield>
	  <datafield tag="650" ind1=" " ind2="0">
		<subfield code="a">Topological degree.</subfield>
	  </datafield>
	  <datafield tag="998" ind1=" " ind2=" ">
		<subfield code="a">4/21/1994</subfield>
		<subfield code="b">5/9/1995</subfield>
		<subfield code="c">5/2/1995</subfield>
	  </datafield>
	  <datafield tag="596" ind1=" " ind2=" ">
		<subfield code="a">23</subfield>
	  </datafield>
	  <datafield tag="999" ind1=" " ind2=" ">
		<subfield code="a">QA321.5 .K58 1994</subfield>
		<subfield code="w">LC</subfield>
		<subfield code="c">1</subfield>
		<subfield code="i">30000035582422</subfield>
		<subfield code="d">5/18/1994</subfield>
		<subfield code="l">STACKS</subfield>
		<subfield code="m">B-SWAIN</subfield>
		<subfield code="n">2</subfield>
		<subfield code="r">Y</subfield>
		<subfield code="s">Y</subfield>
		<subfield code="t">NORMAL</subfield>
		<subfield code="u">11/5/2000</subfield>
	  </datafield>
	</record>