
	<record>
	  <leader>01149cam a2200337   45 0</leader>
	  <controlfield tag="001">a487460</controlfield>
	  <controlfield tag="003">InU</controlfield>
	  <controlfield tag="008">710628s1970    enkaf    b    000 0 eng  </controlfield>
	  <datafield tag="010" ind1=" " ind2=" ">
		<subfield code="a">   71568215 //r893</subfield>
	  </datafield>
	  <datafield tag="015" ind1=" " ind2=" ">
		<subfield code="a">B71-00704</subfield>
	  </datafield>
	  <datafield tag="019" ind1=" " ind2=" ">
		<subfield code="a">16196543</subfield>
	  </datafield>
	  <datafield tag="020" ind1=" " ind2=" ">
		<subfield code="a">0901791032</subfield>
	  </datafield>
	  <datafield tag="035" ind1=" " ind2=" ">
		<subfield code="a">(InU)AEH2085BB</subfield>
	  </datafield>
	  <datafield tag="035" ind1=" " ind2=" ">
		<subfield code="a">(OCoLC)ocm00148246</subfield>
	  </datafield>
	  <datafield tag="040" ind1=" " ind2=" ">
		<subfield code="a">DLC</subfield>
		<subfield code="c">DLC</subfield>
		<subfield code="d">UKM</subfield>
		<subfield code="d">IUL</subfield>
	  </datafield>
	  <datafield tag="049" ind1=" " ind2=" ">
		<subfield code="a">IULA</subfield>
	  </datafield>
	  <datafield tag="050" ind1="0" ind2=" ">
		<subfield code="a">ND623.B933</subfield>
		<subfield code="b">M5</subfield>
	  </datafield>
	  <datafield tag="082" ind1=" " ind2=" ">
		<subfield code="a">759.5</subfield>
	  </datafield>
	  <datafield tag="245" ind1="0" ind2="0">
		<subfield code="a">Michelangelo's 'Entombment of Christ':</subfield>
		<subfield code="b">some new hypotheses and some new facts</subfield>
		<subfield code="c">[by Michael Levey and others]</subfield>
	  </datafield>
	  <datafield tag="260" ind1=" " ind2=" ">
		<subfield code="a">London,</subfield>
		<subfield code="b">National Gallery</subfield>
		<subfield code="c">[1970]</subfield>
	  </datafield>
	  <datafield tag="300" ind1=" " ind2=" ">
		<subfield code="a">36 p., 2 fold. plates.</subfield>
		<subfield code="b">illus. (some col.)</subfield>
		<subfield code="c">30 cm.</subfield>
	  </datafield>
	  <datafield tag="350" ind1=" " ind2=" ">
		<subfield code="a">£0.50</subfield>
	  </datafield>
	  <datafield tag="504" ind1=" " ind2=" ">
		<subfield code="a">Includes bibliographical references.</subfield>
	  </datafield>
	  <datafield tag="591" ind1=" " ind2=" ">
		<subfield code="a"></subfield>
	  </datafield>
	  <datafield tag="600" ind1="0" ind2="0">
		<subfield code="a">Michelangelo Buonarroti,</subfield>
		<subfield code="d">1475-1564.</subfield>
		<subfield code="t">Entombment of Christ.</subfield>
	  </datafield>
	  <datafield tag="653" ind1=" " ind2=" ">
		<subfield code="a">Italian paintings</subfield>
		<subfield code="a">Michelangelo</subfield>
		<subfield code="a">'Entombment of Christ'</subfield>
	  </datafield>
	  <datafield tag="700" ind1="1" ind2="0">
		<subfield code="a">Levey, Michael.</subfield>
	  </datafield>
	  <datafield tag="710" ind1="2" ind2="0">
		<subfield code="a">National Gallery (Great Britain)</subfield>
	  </datafield>
	  <datafield tag="998" ind1=" " ind2=" ">
		<subfield code="a">4/22/1994</subfield>
		<subfield code="c">5/4/1994</subfield>
	  </datafield>
	  <datafield tag="596" ind1=" " ind2=" ">
		<subfield code="a">10</subfield>
	  </datafield>
	  <datafield tag="999" ind1=" " ind2=" ">
		<subfield code="a">ND623.B9 M62</subfield>
		<subfield code="w">LC</subfield>
		<subfield code="c">1</subfield>
		<subfield code="i">32000002047753</subfield>
		<subfield code="d">2/19/2009</subfield>
		<subfield code="e">12/16/2003</subfield>
		<subfield code="l">STACKS</subfield>
		<subfield code="m">B-FINEARTS</subfield>
		<subfield code="n">4</subfield>
		<subfield code="q">8</subfield>
		<subfield code="r">Y</subfield>
		<subfield code="s">Y</subfield>
		<subfield code="t">NORMAL</subfield>
		<subfield code="u">11/5/2000</subfield>
	  </datafield>
	</record>