
	<record>
	  <leader>02844cas a2200613 a 45 0</leader>
	  <controlfield tag="001">a487905</controlfield>
	  <controlfield tag="003">InU</controlfield>
	  <controlfield tag="007">heuamb???buuu</controlfield>
	  <controlfield tag="008">901206c19909999nyumr   b     0    0eng d</controlfield>
	  <datafield tag="010" ind1=" " ind2=" ">
		<subfield code="a">sn 94033607</subfield>
	  </datafield>
	  <datafield tag="012" ind1=" " ind2=" ">
		<subfield code="i">9410</subfield>
	  </datafield>
	  <datafield tag="022" ind1="0" ind2=" ">
		<subfield code="a">1050-2947</subfield>
		<subfield code="y">0556-2791</subfield>
	  </datafield>
	  <datafield tag="035" ind1=" " ind2=" ">
		<subfield code="a">(InU)AEH2961SE</subfield>
	  </datafield>
	  <datafield tag="035" ind1=" " ind2=" ">
		<subfield code="a">(OCoLC)ocm22785411</subfield>
	  </datafield>
	  <datafield tag="040" ind1=" " ind2=" ">
		<subfield code="a">CSO</subfield>
		<subfield code="c">CSO</subfield>
		<subfield code="d">IUL</subfield>
	  </datafield>
	  <datafield tag="042" ind1=" " ind2=" ">
		<subfield code="a">lcd</subfield>
	  </datafield>
	  <datafield tag="049" ind1=" " ind2=" ">
		<subfield code="a">IULA</subfield>
	  </datafield>
	  <datafield tag="050" ind1="1" ind2="4">
		<subfield code="a">QC1</subfield>
		<subfield code="b">.P42</subfield>
	  </datafield>
	  <datafield tag="210" ind1="0" ind2=" ">
		<subfield code="a">Phys. rev., A</subfield>
	  </datafield>
	  <datafield tag="245" ind1="0" ind2="0">
		<subfield code="a">Physical review.</subfield>
		<subfield code="n">A</subfield>
		<subfield code="h">[microform].</subfield>
	  </datafield>
	  <datafield tag="246" ind1="1" ind2="0">
		<subfield code="a">Atomic, molecular, and optical physics</subfield>
	  </datafield>
	  <datafield tag="246" ind1="1" ind2="0">
		<subfield code="a">Statistical physics, plasmas, fluids, and related interdisciplinary topics</subfield>
	  </datafield>
	  <datafield tag="260" ind1=" " ind2="0">
		<subfield code="a">New York, N.Y. :</subfield>
		<subfield code="b">Published by the American Physical Society through the American Institute of Physics,</subfield>
		<subfield code="c">c1990-</subfield>
	  </datafield>
	  <datafield tag="265" ind1=" " ind2=" ">
		<subfield code="a">APS Membership Information Systems, The American Physical Society, 500 Sunnyside Blvd., Woodbury, NY 11797</subfield>
	  </datafield>
	  <datafield tag="300" ind1=" " ind2=" ">
		<subfield code="a">v. :</subfield>
		<subfield code="b">ill. ;</subfield>
		<subfield code="c">29 cm.</subfield>
	  </datafield>
	  <datafield tag="310" ind1=" " ind2=" ">
		<subfield code="a">Monthly,</subfield>
		<subfield code="b">1993-</subfield>
	  </datafield>
	  <datafield tag="321" ind1=" " ind2=" ">
		<subfield code="a">Semimonthly,</subfield>
		<subfield code="b">1990-1992</subfield>
	  </datafield>
	  <datafield tag="350" ind1=" " ind2=" ">
		<subfield code="a">$100.00 (members of the society)</subfield>
		<subfield code="a">$900.00 (nonmembers)</subfield>
	  </datafield>
	  <datafield tag="362" ind1="0" ind2=" ">
		<subfield code="a">Third ser., v. 41, no. 1 (1 Jan. 1990)-</subfield>
	  </datafield>
	  <datafield tag="500" ind1=" " ind2=" ">
		<subfield code="a">Numbers issued on the 1st of the month are called: Atomic, molecular, and optical physics; numbers issued on the 15th of the month are called: Statistical physics, plasmas, fluids, and related interdisciplinary topics. Pagination is continuous.</subfield>
	  </datafield>
	  <datafield tag="500" ind1=" " ind2=" ">
		<subfield code="a">Title from cover.</subfield>
	  </datafield>
	  <datafield tag="510" ind1="2" ind2=" ">
		<subfield code="a">Chemical abstracts</subfield>
		<subfield code="x">0009-2258</subfield>
	  </datafield>
	  <datafield tag="510" ind1="2" ind2=" ">
		<subfield code="a">Computer &amp; control abstracts</subfield>
		<subfield code="x">0036-8113</subfield>
		<subfield code="b">15 Jan. 1990-</subfield>
	  </datafield>
	  <datafield tag="510" ind1="2" ind2=" ">
		<subfield code="a">Electrical &amp; electronics abstracts</subfield>
		<subfield code="x">0036-8105</subfield>
		<subfield code="b">15 Jan. 1990-</subfield>
	  </datafield>
	  <datafield tag="510" ind1="2" ind2=" ">
		<subfield code="a">Physics abstracts</subfield>
		<subfield code="x">0036-8091</subfield>
		<subfield code="b">15 Jan. 1990-</subfield>
	  </datafield>
	  <datafield tag="515" ind1=" " ind2=" ">
		<subfield code="a">New vols. start on Jan. 1 and July 1 of each year.</subfield>
	  </datafield>
	  <datafield tag="580" ind1=" " ind2=" ">
		<subfield code="a">Indexed by: Physical review and Physical review letters index.</subfield>
	  </datafield>
	  <datafield tag="580" ind1=" " ind2=" ">
		<subfield code="a">Continued in part in 1993 by: Physical review. E, Statistical physics, plasmas, fluids, and related interdisciplinary topics.</subfield>
	  </datafield>
	  <datafield tag="533" ind1=" " ind2=" ">
		<subfield code="a">Microfiche.</subfield>
		<subfield code="b">Woodbury, N.Y. :</subfield>
		<subfield code="c">American Institute of Physics.</subfield>
		<subfield code="e">  microfiches.</subfield>
	  </datafield>
	  <datafield tag="591" ind1=" " ind2=" ">
		<subfield code="a"></subfield>
	  </datafield>
	  <datafield tag="650" ind1=" " ind2="0">
		<subfield code="a">Physics</subfield>
		<subfield code="x">Periodicals.</subfield>
	  </datafield>
	  <datafield tag="650" ind1=" " ind2="0">
		<subfield code="a">Statistical physics</subfield>
		<subfield code="x">Periodicals.</subfield>
	  </datafield>
	  <datafield tag="650" ind1=" " ind2="0">
		<subfield code="a">Plasma (Ionized gases)</subfield>
		<subfield code="x">Periodicals.</subfield>
	  </datafield>
	  <datafield tag="650" ind1=" " ind2="0">
		<subfield code="a">Fluids</subfield>
		<subfield code="x">Periodicals.</subfield>
	  </datafield>
	  <datafield tag="650" ind1=" " ind2="0">
		<subfield code="a">Nuclear physics</subfield>
		<subfield code="x">Periodicals.</subfield>
	  </datafield>
	  <datafield tag="710" ind1="2" ind2="0">
		<subfield code="a">American Physical Society.</subfield>
	  </datafield>
	  <datafield tag="710" ind1="2" ind2="0">
		<subfield code="a">American Institute of Physics.</subfield>
	  </datafield>
	  <datafield tag="776" ind1="1" ind2=" ">
		<subfield code="c">Original</subfield>
		<subfield code="w">(DLC)   90656533</subfield>
		<subfield code="w">(OCoLC)21266025</subfield>
	  </datafield>
	  <datafield tag="780" ind1="0" ind2="0">
		<subfield code="t">Physical review. A, General physics</subfield>
		<subfield code="x">0556-2791</subfield>
		<subfield code="w">(DLC)sn 94033621</subfield>
		<subfield code="w">(OCoLC)18196177</subfield>
	  </datafield>
	  <datafield tag="785" ind1="1" ind2="1">
		<subfield code="t">Physical review. E, Statistical physics, plasmas, fluids, and related interdisciplinary topics</subfield>
		<subfield code="x">1063-651X</subfield>
		<subfield code="w">(DLC)sn 94033606</subfield>
		<subfield code="w">(OCoLC)31230632</subfield>
	  </datafield>
	  <datafield tag="787" ind1="1" ind2=" ">
		<subfield code="t">Physical review and Physical review letters index</subfield>
		<subfield code="x">0094-0003</subfield>
	  </datafield>
	  <datafield tag="850" ind1=" " ind2=" ">
		<subfield code="a">InU</subfield>
	  </datafield>
	  <datafield tag="998" ind1=" " ind2=" ">
		<subfield code="a">4/25/1994</subfield>
		<subfield code="b">11/9/1994</subfield>
		<subfield code="c">4/25/1994</subfield>
	  </datafield>
	  <datafield tag="596" ind1=" " ind2=" ">
		<subfield code="a">48</subfield>
	  </datafield>
	</record>