
	<record>
	  <leader>01953cjm a2200421 a 45 0</leader>
	  <controlfield tag="001">a487935</controlfield>
	  <controlfield tag="003">InU</controlfield>
	  <controlfield tag="007">sd?dmsdnn????e</controlfield>
	  <controlfield tag="008">940425p19341933xxumun              eng d</controlfield>
	  <datafield tag="028" ind1="1" ind2="0">
		<subfield code="a">2867-D (W 152599, W 152600)</subfield>
		<subfield code="b">Columbia</subfield>
	  </datafield>
	  <datafield tag="035" ind1=" " ind2=" ">
		<subfield code="a">(InU)AEH2996BT</subfield>
	  </datafield>
	  <datafield tag="033" ind1="0" ind2=" ">
		<subfield code="a">19331218</subfield>
		<subfield code="b">3800</subfield>
	  </datafield>
	  <datafield tag="035" ind1=" " ind2=" ">
		<subfield code="a">(OCoLC)ocm30324172</subfield>
	  </datafield>
	  <datafield tag="040" ind1=" " ind2=" ">
		<subfield code="a">IJZ</subfield>
		<subfield code="c">IJZ</subfield>
	  </datafield>
	  <datafield tag="043" ind1=" " ind2=" ">
		<subfield code="a">n-us---</subfield>
	  </datafield>
	  <datafield tag="047" ind1=" " ind2=" ">
		<subfield code="a">jz</subfield>
		<subfield code="a">df</subfield>
		<subfield code="a">mp</subfield>
	  </datafield>
	  <datafield tag="049" ind1=" " ind2=" ">
		<subfield code="a">IJZA</subfield>
	  </datafield>
	  <datafield tag="099" ind1=" " ind2=" ">
		<subfield code="a">83-924.1525-C</subfield>
		<subfield code="a">ATL</subfield>
	  </datafield>
	  <datafield tag="100" ind1="1" ind2=" ">
		<subfield code="a">Goodman, Benny,</subfield>
		<subfield code="d">1909-1986</subfield>
		<subfield code="4">prf</subfield>
	  </datafield>
	  <datafield tag="245" ind1="1" ind2="0">
		<subfield code="a">Keep on doin' what you're doin' :</subfield>
		<subfield code="b">from R.K.O. picture "Hips hips hooray" /</subfield>
		<subfield code="c">Kalmar &amp; Ruby ; [performed by] Benny Goodman &amp; his orch. Riffin' the scotch / Mercer ... [et al.] ; [performed by] Benny Goodman &amp; his orch.</subfield>
		<subfield code="h">sound recording</subfield>
	  </datafield>
	  <datafield tag="260" ind1=" " ind2=" ">
		<subfield code="a">United States :</subfield>
		<subfield code="b">Columbia,</subfield>
		<subfield code="c">[1934]</subfield>
	  </datafield>
	  <datafield tag="300" ind1=" " ind2=" ">
		<subfield code="a">1 sound disc :</subfield>
		<subfield code="b">analog, 78 rpm, mono. ;</subfield>
		<subfield code="c">10 in.</subfield>
	  </datafield>
	  <datafield tag="590" ind1=" " ind2=" ">
		<subfield code="a">10-21588</subfield>
	  </datafield>
	  <datafield tag="500" ind1=" " ind2=" ">
		<subfield code="a">Fox trots.</subfield>
	  </datafield>
	  <datafield tag="511" ind1="0" ind2=" ">
		<subfield code="a">Jack Teagarden (side A), Billie Halliday [i.e. Holiday] (side B), vocal ; Benny Goodman &amp; his orch., performers. [Charlie Teagarden, Shirley Clay, trumpet; Jack Teagarden, trombone; Benny Goodman, clarinet; Art Karle, tenor sax; Joe Sullivan, piano; Dick McDonough, guitar; Artie Bernstein, string bass; Gene Krupa, drums]--Cf. Jazz records, 1897-1942 / Rust, c1978.</subfield>
	  </datafield>
	  <datafield tag="518" ind1=" " ind2=" ">
		<subfield code="a">Recorded in New York, Dec. 18, 1933--Cf. Rust, c1978.</subfield>
	  </datafield>
	  <datafield tag="500" ind1=" " ind2=" ">
		<subfield code="a">Columbia: 2867-D (W 152599 (matrix), W 152600 (matrix)).</subfield>
	  </datafield>
	  <datafield tag="650" ind1=" " ind2="0">
		<subfield code="a">Jazz</subfield>
		<subfield code="y">1931-1940.</subfield>
	  </datafield>
	  <datafield tag="650" ind1=" " ind2="0">
		<subfield code="a">Foxtrots</subfield>
	  </datafield>
	  <datafield tag="650" ind1=" " ind2="4">
		<subfield code="a">Frank Gillis Collection.</subfield>
	  </datafield>
	  <datafield tag="700" ind1="1" ind2="0">
		<subfield code="a">Teagarden, Jack,</subfield>
		<subfield code="d">1905-1964</subfield>
		<subfield code="4">voc</subfield>
	  </datafield>
	  <datafield tag="700" ind1="1" ind2="0">
		<subfield code="a">Holiday, Billie,</subfield>
		<subfield code="d">1915-1959</subfield>
		<subfield code="4">voc</subfield>
	  </datafield>
	  <datafield tag="700" ind1="1" ind2="0">
		<subfield code="a">Goodman, Benny,</subfield>
		<subfield code="d">1909-1986</subfield>
		<subfield code="4">prf</subfield>
	  </datafield>
	  <datafield tag="740" ind1="0" ind2="1">
		<subfield code="a">Hips hips hooray.</subfield>
	  </datafield>
	  <datafield tag="740" ind1="0" ind2="1">
		<subfield code="a">Riffin' the scotch.</subfield>
	  </datafield>
	  <datafield tag="998" ind1=" " ind2=" ">
		<subfield code="a">4/25/1994</subfield>
		<subfield code="b">6/9/1994</subfield>
		<subfield code="c">4/25/1994</subfield>
	  </datafield>
	  <datafield tag="596" ind1=" " ind2=" ">
		<subfield code="a">14</subfield>
	  </datafield>
	  <datafield tag="999" ind1=" " ind2=" ">
		<subfield code="a">83-924.1525-C ATL</subfield>
		<subfield code="w">ALPHANUM</subfield>
		<subfield code="c">1</subfield>
		<subfield code="i">30000000650782</subfield>
		<subfield code="l">STACKS</subfield>
		<subfield code="m">B-ATM</subfield>
		<subfield code="r">Y</subfield>
		<subfield code="s">Y</subfield>
		<subfield code="t">NORMAL</subfield>
		<subfield code="u">11/5/2000</subfield>
		<subfield code="o">.STAFF.  um=No listening copy currently available.</subfield>
	  </datafield>
	</record>