
	<record>
	  <leader>01836cas a2200517 a 45 0</leader>
	  <controlfield tag="001">a488181</controlfield>
	  <controlfield tag="003">InU</controlfield>
	  <controlfield tag="008">920114c19929999maubr1p       0   a0eng d</controlfield>
	  <datafield tag="010" ind1=" " ind2=" ">
		<subfield code="a">sn 92003683</subfield>
	  </datafield>
	  <datafield tag="012" ind1=" " ind2=" ">
		<subfield code="i">9303</subfield>
		<subfield code="j">0</subfield>
		<subfield code="k">1</subfield>
		<subfield code="l">1</subfield>
		<subfield code="m">0</subfield>
	  </datafield>
	  <datafield tag="022" ind1="0" ind2=" ">
		<subfield code="a">1060-9172</subfield>
	  </datafield>
	  <datafield tag="035" ind1=" " ind2=" ">
		<subfield code="a">(InU)AEH3390BB</subfield>
	  </datafield>
	  <datafield tag="035" ind1=" " ind2=" ">
		<subfield code="a">(OCoLC)ocm25107747</subfield>
	  </datafield>
	  <datafield tag="040" ind1=" " ind2=" ">
		<subfield code="a">NSD</subfield>
		<subfield code="c">NSD</subfield>
		<subfield code="d">NLM</subfield>
		<subfield code="d">NSD</subfield>
		<subfield code="d">IUL</subfield>
	  </datafield>
	  <datafield tag="042" ind1=" " ind2=" ">
		<subfield code="a">nsdp</subfield>
		<subfield code="a">lcd</subfield>
	  </datafield>
	  <datafield tag="049" ind1=" " ind2=" ">
		<subfield code="a">IULA</subfield>
	  </datafield>
	  <datafield tag="050" ind1="1" ind2="4">
		<subfield code="a">HQ763</subfield>
		<subfield code="b">.F35</subfield>
	  </datafield>
	  <datafield tag="060" ind1="0" ind2="0">
		<subfield code="a">W1</subfield>
		<subfield code="b">FA453CP</subfield>
	  </datafield>
	  <datafield tag="069" ind1="0" ind2=" ">
		<subfield code="a">9303803</subfield>
	  </datafield>
	  <datafield tag="069" ind1="1" ind2=" ">
		<subfield code="a">SR0074714</subfield>
	  </datafield>
	  <datafield tag="082" ind1="1" ind2="0">
		<subfield code="a">362</subfield>
		<subfield code="2">12</subfield>
	  </datafield>
	  <datafield tag="210" ind1="0" ind2=" ">
		<subfield code="a">Fam. plan. manag.</subfield>
	  </datafield>
	  <datafield tag="222" ind1=" " ind2="4">
		<subfield code="a">The Family planning manager</subfield>
	  </datafield>
	  <datafield tag="245" ind1="0" ind2="4">
		<subfield code="a">The Family planning manager.</subfield>
	  </datafield>
	  <datafield tag="250" ind1=" " ind2=" ">
		<subfield code="a">English language ed.</subfield>
	  </datafield>
	  <datafield tag="260" ind1=" " ind2="0">
		<subfield code="a">Newton, Mass. :</subfield>
		<subfield code="b">Family Planning Management Development,</subfield>
		<subfield code="c">[1992-</subfield>
	  </datafield>
	  <datafield tag="265" ind1=" " ind2=" ">
		<subfield code="a">MSH/FPMD, 400 Centre Street, Newton, MA  02158</subfield>
	  </datafield>
	  <datafield tag="300" ind1=" " ind2=" ">
		<subfield code="a">v. :</subfield>
		<subfield code="b">ill.</subfield>
	  </datafield>
	  <datafield tag="310" ind1=" " ind2=" ">
		<subfield code="a">Bimonthly</subfield>
	  </datafield>
	  <datafield tag="350" ind1=" " ind2=" ">
		<subfield code="a">Free</subfield>
	  </datafield>
	  <datafield tag="362" ind1="0" ind2=" ">
		<subfield code="a">Vol. 1, no. 1 (Mar./Apr. 1992)-</subfield>
	  </datafield>
	  <datafield tag="500" ind1=" " ind2=" ">
		<subfield code="a">Title from caption.</subfield>
	  </datafield>
	  <datafield tag="515" ind1=" " ind2=" ">
		<subfield code="a">Vols. 1-2 each complete in 5 issues.</subfield>
	  </datafield>
	  <datafield tag="525" ind1=" " ind2=" ">
		<subfield code="a">Some issues have supplements.</subfield>
	  </datafield>
	  <datafield tag="536" ind1=" " ind2=" ">
		<subfield code="a">Sponsored by the U.S. Agency for International Development.</subfield>
		<subfield code="d">DPE 3055-C-00-0051-00</subfield>
	  </datafield>
	  <datafield tag="580" ind1=" " ind2=" ">
		<subfield code="a">Issued also in French: Management de la planification familiale.</subfield>
	  </datafield>
	  <datafield tag="591" ind1=" " ind2=" ">
		<subfield code="a"></subfield>
	  </datafield>
	  <datafield tag="650" ind1=" " ind2="0">
		<subfield code="a">Birth control</subfield>
		<subfield code="x">Periodicals.</subfield>
	  </datafield>
	  <datafield tag="650" ind1=" " ind2="2">
		<subfield code="a">Family Planning</subfield>
		<subfield code="x">organization and administration</subfield>
		<subfield code="x">periodicals.</subfield>
	  </datafield>
	  <datafield tag="710" ind1="2" ind2="0">
		<subfield code="a">Family Planning Management Development (Project)</subfield>
	  </datafield>
	  <datafield tag="710" ind1="1" ind2="0">
		<subfield code="a">United States.</subfield>
		<subfield code="b">Agency for International Development.</subfield>
	  </datafield>
	  <datafield tag="775" ind1="1" ind2=" ">
		<subfield code="t">Management de la planification familiale</subfield>
		<subfield code="x">1073-0532</subfield>
		<subfield code="w">(DLC)sn 93004449</subfield>
		<subfield code="w">(OCoLC)29297441</subfield>
	  </datafield>
	  <datafield tag="850" ind1=" " ind2=" ">
		<subfield code="a">DNLM</subfield>
		<subfield code="a">InU</subfield>
	  </datafield>
	  <datafield tag="998" ind1=" " ind2=" ">
		<subfield code="a">4/25/1994</subfield>
		<subfield code="b">7/26/1994</subfield>
		<subfield code="c">4/25/1994</subfield>
	  </datafield>
	  <datafield tag="596" ind1=" " ind2=" ">
		<subfield code="a">5</subfield>
	  </datafield>
	  <datafield tag="999" ind1=" " ind2=" ">
		<subfield code="a">HQ763 .F35 v.1-3 1992-1994</subfield>
		<subfield code="w">LC</subfield>
		<subfield code="c">1</subfield>
		<subfield code="i">30000119280117</subfield>
		<subfield code="d">2/7/2008</subfield>
		<subfield code="l">_ALF</subfield>
		<subfield code="m">B-ALF</subfield>
		<subfield code="n">3</subfield>
		<subfield code="q">1</subfield>
		<subfield code="r">Y</subfield>
		<subfield code="s">Y</subfield>
		<subfield code="t">PERIOD</subfield>
		<subfield code="u">11/5/2000</subfield>
		<subfield code="o">.STAFF.  1992-1994</subfield>
	  </datafield>
	</record>