
	<record>
	  <leader>02335cas a2200589   45 0</leader>
	  <controlfield tag="001">a488189</controlfield>
	  <controlfield tag="003">InU</controlfield>
	  <controlfield tag="007">hduafb???buuu</controlfield>
	  <controlfield tag="008">800513d19221983njumn p a     0   a0eng  </controlfield>
	  <datafield tag="010" ind1=" " ind2=" ">
		<subfield code="a">   80642447 //r84</subfield>
	  </datafield>
	  <datafield tag="012" ind1=" " ind2=" ">
		<subfield code="a">4</subfield>
		<subfield code="b">3</subfield>
		<subfield code="i">9404</subfield>
	  </datafield>
	  <datafield tag="019" ind1=" " ind2=" ">
		<subfield code="a">05012195</subfield>
		<subfield code="a">05012219</subfield>
	  </datafield>
	  <datafield tag="022" ind1=" " ind2=" ">
		<subfield code="a">0005-8580</subfield>
	  </datafield>
	  <datafield tag="035" ind1=" " ind2=" ">
		<subfield code="a">(InU)AEH3404KO</subfield>
	  </datafield>
	  <datafield tag="035" ind1=" " ind2=" ">
		<subfield code="a">(OCoLC)ocm06313803</subfield>
	  </datafield>
	  <datafield tag="040" ind1=" " ind2=" ">
		<subfield code="a">DLC</subfield>
		<subfield code="c">DLC</subfield>
		<subfield code="d">DLC</subfield>
		<subfield code="d">OCL</subfield>
		<subfield code="d">NST</subfield>
		<subfield code="d">IUL</subfield>
	  </datafield>
	  <datafield tag="042" ind1=" " ind2=" ">
		<subfield code="a">lc</subfield>
	  </datafield>
	  <datafield tag="049" ind1=" " ind2=" ">
		<subfield code="a">IULA</subfield>
	  </datafield>
	  <datafield tag="050" ind1="0" ind2="0">
		<subfield code="a">Microfilm 05537 TK</subfield>
		<subfield code="a">TK1</subfield>
	  </datafield>
	  <datafield tag="092" ind1=" " ind2=" ">
		<subfield code="a">621.3805</subfield>
	  </datafield>
	  <datafield tag="245" ind1="0" ind2="4">
		<subfield code="a">The Bell system technical journal</subfield>
		<subfield code="h">[microform].</subfield>
	  </datafield>
	  <datafield tag="260" ind1=" " ind2="0">
		<subfield code="a">[Short Hills, N.J., etc.,</subfield>
		<subfield code="b">American Telephone and Telegraph Co.]</subfield>
	  </datafield>
	  <datafield tag="300" ind1=" " ind2=" ">
		<subfield code="a">v.</subfield>
		<subfield code="b">ill., ports., maps (part fold.) diagrs.</subfield>
		<subfield code="c">24 cm.</subfield>
	  </datafield>
	  <datafield tag="310" ind1=" " ind2=" ">
		<subfield code="a">Monthly (except May/June and July/Aug.)</subfield>
		<subfield code="b">1965-83</subfield>
	  </datafield>
	  <datafield tag="321" ind1=" " ind2=" ">
		<subfield code="a">Quarterly,</subfield>
		<subfield code="b">1922-41</subfield>
	  </datafield>
	  <datafield tag="321" ind1=" " ind2=" ">
		<subfield code="a">Irregular,</subfield>
		<subfield code="b">1942-64</subfield>
	  </datafield>
	  <datafield tag="362" ind1="0" ind2=" ">
		<subfield code="a">v. 1-62; July 1922-Dec. 1983.</subfield>
	  </datafield>
	  <datafield tag="510" ind1="1" ind2=" ">
		<subfield code="a">Applied science &amp; technology index</subfield>
		<subfield code="x">0003-6986</subfield>
	  </datafield>
	  <datafield tag="510" ind1="1" ind2=" ">
		<subfield code="a">Computer &amp; control abstracts</subfield>
		<subfield code="x">0036-8113</subfield>
		<subfield code="b">1968-1983</subfield>
	  </datafield>
	  <datafield tag="510" ind1="1" ind2=" ">
		<subfield code="a">Electrical &amp; electronics abstracts</subfield>
		<subfield code="x">0036-8105</subfield>
		<subfield code="b">1968-1983</subfield>
	  </datafield>
	  <datafield tag="510" ind1="1" ind2=" ">
		<subfield code="a">Physics abstracts. Science abstracts. Series A</subfield>
		<subfield code="x">0036-8091</subfield>
		<subfield code="b">1968-1983</subfield>
	  </datafield>
	  <datafield tag="510" ind1="2" ind2=" ">
		<subfield code="a">Chemical abstracts</subfield>
		<subfield code="x">0009-2258</subfield>
		<subfield code="b">1922-1983</subfield>
	  </datafield>
	  <datafield tag="510" ind1="2" ind2=" ">
		<subfield code="a">Engineering index bioengineering abstracts</subfield>
		<subfield code="x">0736-6213</subfield>
	  </datafield>
	  <datafield tag="510" ind1="2" ind2=" ">
		<subfield code="a">Engineering index energy abstracts</subfield>
		<subfield code="x">0093-8408</subfield>
	  </datafield>
	  <datafield tag="510" ind1="2" ind2=" ">
		<subfield code="a">Engineering index monthly (1984)</subfield>
		<subfield code="x">0742-1974</subfield>
	  </datafield>
	  <datafield tag="510" ind1="2" ind2=" ">
		<subfield code="a">GeoRef</subfield>
		<subfield code="x">0197-7482</subfield>
	  </datafield>
	  <datafield tag="510" ind1="2" ind2=" ">
		<subfield code="a">International aerospace abstracts</subfield>
		<subfield code="x">0020-5842</subfield>
	  </datafield>
	  <datafield tag="510" ind1="2" ind2=" ">
		<subfield code="a">Life sciences collection</subfield>
	  </datafield>
	  <datafield tag="510" ind1="2" ind2=" ">
		<subfield code="a">Mathematical reviews</subfield>
		<subfield code="x">0025-5629</subfield>
	  </datafield>
	  <datafield tag="510" ind1="2" ind2=" ">
		<subfield code="a">Sociological abstracts</subfield>
		<subfield code="x">0038-0202</subfield>
	  </datafield>
	  <datafield tag="555" ind1=" " ind2=" ">
		<subfield code="a">Vols. 1-10, 1922-31. 1 v.; Vols. 11-20, 1932-41. 1 v.; Vols. 21-30, 1942-51. 1 v.</subfield>
	  </datafield>
	  <datafield tag="533" ind1=" " ind2=" ">
		<subfield code="a">Microfilm.</subfield>
		<subfield code="b">Ann Arbor, Mich.</subfield>
		<subfield code="c">University Microfilm International.</subfield>
		<subfield code="e">reels.  35 mm.</subfield>
	  </datafield>
	  <datafield tag="591" ind1=" " ind2=" ">
		<subfield code="a"></subfield>
	  </datafield>
	  <datafield tag="650" ind1=" " ind2="0">
		<subfield code="a">Telecommunication</subfield>
		<subfield code="x">Periodicals.</subfield>
	  </datafield>
	  <datafield tag="650" ind1=" " ind2="0">
		<subfield code="a">Electrical engineering</subfield>
		<subfield code="x">Periodicals.</subfield>
	  </datafield>
	  <datafield tag="710" ind1="2" ind2="0">
		<subfield code="a">American Telephone and Telegraph Company.</subfield>
	  </datafield>
	  <datafield tag="776" ind1="1" ind2=" ">
		<subfield code="c">Original</subfield>
		<subfield code="w">(DLC)   29029529</subfield>
		<subfield code="w">(OCoLC)1519469</subfield>
	  </datafield>
	  <datafield tag="785" ind1="0" ind2="0">
		<subfield code="t">AT&amp;T Bell Laboratories technical journal</subfield>
		<subfield code="w">(DLC)sn 92011080</subfield>
		<subfield code="w">(OCoLC)11961666</subfield>
	  </datafield>
	  <datafield tag="850" ind1=" " ind2=" ">
		<subfield code="a">InU</subfield>
	  </datafield>
	  <datafield tag="998" ind1=" " ind2=" ">
		<subfield code="a">4/25/1994</subfield>
		<subfield code="c">4/25/1994</subfield>
	  </datafield>
	  <datafield tag="596" ind1=" " ind2=" ">
		<subfield code="a">43</subfield>
	  </datafield>
	  <datafield tag="999" ind1=" " ind2=" ">
		<subfield code="a">TK1 .B425</subfield>
		<subfield code="w">LC</subfield>
		<subfield code="c">1</subfield>
		<subfield code="i">488189-2001</subfield>
		<subfield code="l">MICROFILM</subfield>
		<subfield code="m">KOKOMO</subfield>
		<subfield code="r">Y</subfield>
		<subfield code="s">Y</subfield>
		<subfield code="t">NONCIRC</subfield>
		<subfield code="u">11/5/2000</subfield>
	  </datafield>
	</record>