
	<record>
	  <leader>02241cas a2200481 a 45 0</leader>
	  <controlfield tag="001">a487444</controlfield>
	  <controlfield tag="003">InU</controlfield>
	  <controlfield tag="007">herbmb024bbca</controlfield>
	  <controlfield tag="008">880104c19779999dcuar   b s  f0   a0eng d</controlfield>
	  <datafield tag="022" ind1="0" ind2=" ">
		<subfield code="a">0161-5807</subfield>
	  </datafield>
	  <datafield tag="035" ind1=" " ind2=" ">
		<subfield code="a">(InU)AEH2060BW</subfield>
	  </datafield>
	  <datafield tag="035" ind1=" " ind2=" ">
		<subfield code="a">(OCoLC)ocm17302458</subfield>
	  </datafield>
	  <datafield tag="040" ind1=" " ind2=" ">
		<subfield code="a">VPI</subfield>
		<subfield code="c">VPI</subfield>
	  </datafield>
	  <datafield tag="043" ind1=" " ind2=" ">
		<subfield code="a">n-us---</subfield>
	  </datafield>
	  <datafield tag="049" ind1=" " ind2=" ">
		<subfield code="a">IUBD</subfield>
	  </datafield>
	  <datafield tag="074" ind1=" " ind2=" ">
		<subfield code="a">429-J-1 (MF)</subfield>
	  </datafield>
	  <datafield tag="086" ind1="0" ind2=" ">
		<subfield code="a">E 3.1:</subfield>
	  </datafield>
	  <datafield tag="090" ind1=" " ind2=" ">
		<subfield code="a">HD9502.U52</subfield>
		<subfield code="b">U53a</subfield>
	  </datafield>
	  <datafield tag="110" ind1="1" ind2=" ">
		<subfield code="a">United States.</subfield>
		<subfield code="b">Energy Information Administration.</subfield>
	  </datafield>
	  <datafield tag="222" ind1=" " ind2="0">
		<subfield code="a">Annual report to Congress - United States Department of Energy, Energy Information Administration</subfield>
	  </datafield>
	  <datafield tag="245" ind1="1" ind2="0">
		<subfield code="a">Annual report to Congress</subfield>
		<subfield code="h">[microform].</subfield>
	  </datafield>
	  <datafield tag="260" ind1=" " ind2="0">
		<subfield code="a">Washington, D.C. :</subfield>
		<subfield code="b">U.S. Dept. of Energy, Energy Information Administration :</subfield>
		<subfield code="b">For sale by the Supt. of Docs., U.S. G.P.O.,</subfield>
		<subfield code="c">1977-</subfield>
	  </datafield>
	  <datafield tag="300" ind1=" " ind2=" ">
		<subfield code="a">v. ;</subfield>
		<subfield code="c">23-28 cm.</subfield>
	  </datafield>
	  <datafield tag="310" ind1=" " ind2=" ">
		<subfield code="a">Annual</subfield>
	  </datafield>
	  <datafield tag="362" ind1="0" ind2=" ">
		<subfield code="a">1977-</subfield>
	  </datafield>
	  <datafield tag="500" ind1=" " ind2=" ">
		<subfield code="a">A special EIA report may be published at regular and/or irregular intervals depending on need, 1977-</subfield>
	  </datafield>
	  <datafield tag="500" ind1=" " ind2=" ">
		<subfield code="a">"DOE/EIA-0173."</subfield>
	  </datafield>
	  <datafield tag="515" ind1=" " ind2=" ">
		<subfield code="a">Reports for 1977-1981 issued in 3 vols.</subfield>
	  </datafield>
	  <datafield tag="533" ind1=" " ind2=" ">
		<subfield code="a">Microfiche.</subfield>
		<subfield code="b">Washington, D.C. :</subfield>
		<subfield code="c">Supt. of Docs., U.S. G.P.O.,</subfield>
		<subfield code="e">   microfiches : negative ; 11 x 15 cm.</subfield>
	  </datafield>
	  <datafield tag="580" ind1=" " ind2=" ">
		<subfield code="a">Information on energy data (v. 2) and projections (v. 3) issued separately, 1982-   in: Annual energy review, and: Annual energy outlook.</subfield>
	  </datafield>
	  <datafield tag="591" ind1=" " ind2=" ">
		<subfield code="a"></subfield>
	  </datafield>
	  <datafield tag="610" ind1="1" ind2="0">
		<subfield code="a">United States.</subfield>
		<subfield code="b">Energy Information Administration</subfield>
		<subfield code="x">Periodicals.</subfield>
	  </datafield>
	  <datafield tag="650" ind1=" " ind2="0">
		<subfield code="a">Energy conservation</subfield>
		<subfield code="z">United States</subfield>
		<subfield code="x">Statistics</subfield>
		<subfield code="x">Periodicals.</subfield>
	  </datafield>
	  <datafield tag="650" ind1=" " ind2="0">
		<subfield code="a">Energy policy</subfield>
		<subfield code="z">United States</subfield>
		<subfield code="x">Statistics</subfield>
		<subfield code="x">Periodicals.</subfield>
	  </datafield>
	  <datafield tag="650" ind1=" " ind2="0">
		<subfield code="a">Power resources</subfield>
		<subfield code="z">United States</subfield>
		<subfield code="x">Statistics</subfield>
		<subfield code="x">Periodicals.</subfield>
	  </datafield>
	  <datafield tag="770" ind1="1" ind2=" ">
		<subfield code="a">United States.</subfield>
		<subfield code="b">Energy Information Administration.</subfield>
		<subfield code="t">Annual report to Congress. Supplement</subfield>
		<subfield code="x">0194-0570</subfield>
	  </datafield>
	  <datafield tag="770" ind1="1" ind2=" ">
		<subfield code="a">United States.</subfield>
		<subfield code="b">Energy Information Administration.</subfield>
		<subfield code="t">Annual report to Congress.  Synopsis</subfield>
	  </datafield>
	  <datafield tag="776" ind1="1" ind2=" ">
		<subfield code="a">United States.</subfield>
		<subfield code="b">Energy Information Administration.</subfield>
		<subfield code="t">Annual report to Congress</subfield>
		<subfield code="x">0161-5807</subfield>
		<subfield code="w">(OCoLC)3793497</subfield>
	  </datafield>
	  <datafield tag="785" ind1="1" ind2="1">
		<subfield code="t">Annual energy review</subfield>
		<subfield code="x">0740-3909</subfield>
	  </datafield>
	  <datafield tag="785" ind1="1" ind2="1">
		<subfield code="t">Annual energy outlook</subfield>
		<subfield code="x">0740-4190</subfield>
	  </datafield>
	  <datafield tag="998" ind1=" " ind2=" ">
		<subfield code="a">4/22/1994</subfield>
		<subfield code="c">4/22/1994</subfield>
	  </datafield>
	  <datafield tag="596" ind1=" " ind2=" ">
		<subfield code="a">17</subfield>
	  </datafield>
	  <datafield tag="999" ind1=" " ind2=" ">
		<subfield code="a">E 3.1:</subfield>
		<subfield code="w">SUDOC</subfield>
		<subfield code="c">1</subfield>
		<subfield code="i">487444-2001</subfield>
		<subfield code="l">MICROFICHE</subfield>
		<subfield code="m">B-LAW</subfield>
		<subfield code="r">Y</subfield>
		<subfield code="s">Y</subfield>
		<subfield code="t">NONCIRC</subfield>
		<subfield code="u">11/5/2000</subfield>
		<subfield code="x">GOVDOCS</subfield>
	  </datafield>
	</record>