
	<record>
	  <leader>03307cas a2200649 a 45 0</leader>
	  <controlfield tag="001">a490140</controlfield>
	  <controlfield tag="003">InU</controlfield>
	  <controlfield tag="008">870321d19861995paumx1p       0   a0eng d</controlfield>
	  <datafield tag="010" ind1=" " ind2=" ">
		<subfield code="a">sn 87026159</subfield>
	  </datafield>
	  <datafield tag="012" ind1=" " ind2=" ">
		<subfield code="i">8705</subfield>
		<subfield code="j">1</subfield>
		<subfield code="k">1</subfield>
		<subfield code="l">p</subfield>
		<subfield code="m">1</subfield>
	  </datafield>
	  <datafield tag="022" ind1="0" ind2=" ">
		<subfield code="a">0894-1009</subfield>
		<subfield code="y">0734-0338</subfield>
	  </datafield>
	  <datafield tag="035" ind1=" " ind2=" ">
		<subfield code="a">(InU)AEH6718SB</subfield>
	  </datafield>
	  <datafield tag="032" ind1=" " ind2=" ">
		<subfield code="a">566250</subfield>
		<subfield code="b">USPS</subfield>
	  </datafield>
	  <datafield tag="035" ind1=" " ind2=" ">
		<subfield code="a">(OCoLC)ocm15351626</subfield>
	  </datafield>
	  <datafield tag="040" ind1=" " ind2=" ">
		<subfield code="a">NLM</subfield>
		<subfield code="c">NLM</subfield>
		<subfield code="d">NSD</subfield>
		<subfield code="d">NST</subfield>
		<subfield code="d">NSD</subfield>
		<subfield code="d">NST</subfield>
		<subfield code="d">NSD</subfield>
		<subfield code="d">NLM</subfield>
		<subfield code="d">NST</subfield>
		<subfield code="d">IUL</subfield>
		<subfield code="d">NLM</subfield>
		<subfield code="d">WAU</subfield>
	  </datafield>
	  <datafield tag="042" ind1=" " ind2=" ">
		<subfield code="a">lcd</subfield>
		<subfield code="a">nsdp</subfield>
	  </datafield>
	  <datafield tag="060" ind1="0" ind2="0">
		<subfield code="a">W1</subfield>
		<subfield code="b">CO437V</subfield>
	  </datafield>
	  <datafield tag="060" ind1="1" ind2="4">
		<subfield code="a">8702480</subfield>
	  </datafield>
	  <datafield tag="060" ind1="1" ind2="4">
		<subfield code="a">SR0058880</subfield>
	  </datafield>
	  <datafield tag="082" ind1="1" ind2="0">
		<subfield code="a">617</subfield>
		<subfield code="2">11</subfield>
	  </datafield>
	  <datafield tag="130" ind1="0" ind2=" ">
		<subfield code="a">Compendium (Newtown, Pa.)</subfield>
	  </datafield>
	  <datafield tag="210" ind1="0" ind2=" ">
		<subfield code="a">Compendium</subfield>
		<subfield code="b">(Newt. Pa.)</subfield>
	  </datafield>
	  <datafield tag="222" ind1=" " ind2="0">
		<subfield code="a">Compendium</subfield>
		<subfield code="b">(Newtown, Pa.)</subfield>
	  </datafield>
	  <datafield tag="245" ind1="0" ind2="0">
		<subfield code="a">Compendium.</subfield>
	  </datafield>
	  <datafield tag="246" ind1="1" ind2="3">
		<subfield code="a">Compendium of continuing education in dentistry</subfield>
	  </datafield>
	  <datafield tag="246" ind1="1" ind2="7">
		<subfield code="a">Compend contin educ dent</subfield>
		<subfield code="f">&lt;July/Aug. 1987-&gt;</subfield>
	  </datafield>
	  <datafield tag="260" ind1=" " ind2=" ">
		<subfield code="a">[Newtown, PA :</subfield>
		<subfield code="b">Dental Learning Systems Co.,</subfield>
		<subfield code="c">c1986-c1995.</subfield>
	  </datafield>
	  <datafield tag="300" ind1=" " ind2=" ">
		<subfield code="a">10 v. :</subfield>
		<subfield code="b">ill. ;</subfield>
		<subfield code="c">28 cm.</subfield>
	  </datafield>
	  <datafield tag="310" ind1=" " ind2=" ">
		<subfield code="a">12 no. a year,</subfield>
		<subfield code="b">&lt;July 1989&gt;-1995</subfield>
	  </datafield>
	  <datafield tag="321" ind1=" " ind2=" ">
		<subfield code="a">Ten no. a year,</subfield>
		<subfield code="b">Sept. 1986-&lt;July/Aug. 1987&gt;</subfield>
	  </datafield>
	  <datafield tag="362" ind1="0" ind2=" ">
		<subfield code="a">Vol. 7, no. 8 (Sept. 1986)-v. 16, no. 1 (Jan. 1995).</subfield>
	  </datafield>
	  <datafield tag="500" ind1=" " ind2=" ">
		<subfield code="a">Title from cover.</subfield>
	  </datafield>
	  <datafield tag="500" ind1=" " ind2=" ">
		<subfield code="a">Approved for continuing education credit from the University of Pennsylvania, School of Dental Medicine.</subfield>
	  </datafield>
	  <datafield tag="510" ind1="1" ind2=" ">
		<subfield code="a">Index to dental literature</subfield>
		<subfield code="x">0019-3992</subfield>
		<subfield code="b">1986-</subfield>
	  </datafield>
	  <datafield tag="591" ind1=" " ind2=" ">
		<subfield code="a"></subfield>
	  </datafield>
	  <datafield tag="650" ind1=" " ind2="0">
		<subfield code="a">Dentistry</subfield>
		<subfield code="x">Periodicals.</subfield>
	  </datafield>
	  <datafield tag="650" ind1=" " ind2="2">
		<subfield code="a">Dentistry</subfield>
		<subfield code="v">Periodicals</subfield>
	  </datafield>
	  <datafield tag="770" ind1="0" ind2=" ">
		<subfield code="t">Compendium (Newtown, Pa.).  Supplement</subfield>
		<subfield code="w">(DLC)sn 91033491</subfield>
		<subfield code="w">(OCoLC)19376779</subfield>
	  </datafield>
	  <datafield tag="780" ind1="0" ind2="0">
		<subfield code="t">Compendium of continuing education in dentistry</subfield>
		<subfield code="x">0734-0338</subfield>
		<subfield code="w">(DLC)sc 82005103</subfield>
	  </datafield>
	  <datafield tag="785" ind1="0" ind2="0">
		<subfield code="t">Compendium of continuing education in dentistry (Jamesburg, N.J. : 1995)</subfield>
		<subfield code="w">(DLC)sn 95050333</subfield>
		<subfield code="w">(OCoLC)34052249</subfield>
	  </datafield>
	  <datafield tag="850" ind1=" " ind2=" ">
		<subfield code="a">CaOTU</subfield>
		<subfield code="a">DNLM</subfield>
		<subfield code="a">IaU</subfield>
		<subfield code="a">InU</subfield>
		<subfield code="a">InU-D</subfield>
		<subfield code="a">MiU</subfield>
		<subfield code="a">PU</subfield>
		<subfield code="a">WaU</subfield>
	  </datafield>
	  <datafield tag="998" ind1=" " ind2=" ">
		<subfield code="a">4/29/1994</subfield>
		<subfield code="b">2/23/1998</subfield>
		<subfield code="c">4/29/1994</subfield>
	  </datafield>
	  <datafield tag="596" ind1=" " ind2=" ">
		<subfield code="a">46</subfield>
	  </datafield>
	  <datafield tag="999" ind1=" " ind2=" ">
		<subfield code="a">RK78.5 .C6</subfield>
		<subfield code="w">LC</subfield>
		<subfield code="c">1</subfield>
		<subfield code="i">490140-2001</subfield>
		<subfield code="l">PERIODICAL</subfield>
		<subfield code="m">SBEND</subfield>
		<subfield code="r">Y</subfield>
		<subfield code="s">Y</subfield>
		<subfield code="t">NONCIRC</subfield>
		<subfield code="u">11/5/2000</subfield>
	  </datafield>
	  <datafield tag="999" ind1=" " ind2=" ">
		<subfield code="a">RK78.5 .C6 v.4 1983</subfield>
		<subfield code="w">LC</subfield>
		<subfield code="c">1</subfield>
		<subfield code="i">30000084729353</subfield>
		<subfield code="l">PERIODICAL</subfield>
		<subfield code="m">SBEND</subfield>
		<subfield code="r">N</subfield>
		<subfield code="s">Y</subfield>
		<subfield code="t">NONCIRC</subfield>
		<subfield code="u">7/19/2002</subfield>
	  </datafield>
	  <datafield tag="999" ind1=" " ind2=" ">
		<subfield code="a">RK78.5 .C6 v.5 1984</subfield>
		<subfield code="w">LC</subfield>
		<subfield code="c">1</subfield>
		<subfield code="i">30000084729361</subfield>
		<subfield code="l">PERIODICAL</subfield>
		<subfield code="m">SBEND</subfield>
		<subfield code="r">N</subfield>
		<subfield code="s">Y</subfield>
		<subfield code="t">NONCIRC</subfield>
		<subfield code="u">7/19/2002</subfield>
	  </datafield>
	  <datafield tag="999" ind1=" " ind2=" ">
		<subfield code="a">RK78.5 .C6 v.6 1985</subfield>
		<subfield code="w">LC</subfield>
		<subfield code="c">1</subfield>
		<subfield code="i">30000084729379</subfield>
		<subfield code="l">PERIODICAL</subfield>
		<subfield code="m">SBEND</subfield>
		<subfield code="r">N</subfield>
		<subfield code="s">Y</subfield>
		<subfield code="t">NONCIRC</subfield>
		<subfield code="u">7/19/2002</subfield>
	  </datafield>
	  <datafield tag="999" ind1=" " ind2=" ">
		<subfield code="a">RK78.5 .C6 v.7 1986</subfield>
		<subfield code="w">LC</subfield>
		<subfield code="c">1</subfield>
		<subfield code="i">30000084729387</subfield>
		<subfield code="l">PERIODICAL</subfield>
		<subfield code="m">SBEND</subfield>
		<subfield code="r">N</subfield>
		<subfield code="s">Y</subfield>
		<subfield code="t">NONCIRC</subfield>
		<subfield code="u">7/19/2002</subfield>
	  </datafield>
	  <datafield tag="999" ind1=" " ind2=" ">
		<subfield code="a">RK78.5 .C6 v.8 1987</subfield>
		<subfield code="w">LC</subfield>
		<subfield code="c">1</subfield>
		<subfield code="i">30000084729395</subfield>
		<subfield code="l">PERIODICAL</subfield>
		<subfield code="m">SBEND</subfield>
		<subfield code="r">N</subfield>
		<subfield code="s">Y</subfield>
		<subfield code="t">NONCIRC</subfield>
		<subfield code="u">7/19/2002</subfield>
	  </datafield>
	  <datafield tag="999" ind1=" " ind2=" ">
		<subfield code="a">RK78.5 .C6 v.9 1988</subfield>
		<subfield code="w">LC</subfield>
		<subfield code="c">1</subfield>
		<subfield code="i">30000084729403</subfield>
		<subfield code="l">PERIODICAL</subfield>
		<subfield code="m">SBEND</subfield>
		<subfield code="r">N</subfield>
		<subfield code="s">Y</subfield>
		<subfield code="t">NONCIRC</subfield>
		<subfield code="u">7/19/2002</subfield>
	  </datafield>
	  <datafield tag="999" ind1=" " ind2=" ">
		<subfield code="a">RK78.5 .C6 v.10 1989</subfield>
		<subfield code="w">LC</subfield>
		<subfield code="c">1</subfield>
		<subfield code="i">30000084729411</subfield>
		<subfield code="l">PERIODICAL</subfield>
		<subfield code="m">SBEND</subfield>
		<subfield code="r">N</subfield>
		<subfield code="s">Y</subfield>
		<subfield code="t">NONCIRC</subfield>
		<subfield code="u">7/19/2002</subfield>
	  </datafield>
	  <datafield tag="999" ind1=" " ind2=" ">
		<subfield code="a">RK78.5 .C6 v.11 1990</subfield>
		<subfield code="w">LC</subfield>
		<subfield code="c">1</subfield>
		<subfield code="i">30000084729429</subfield>
		<subfield code="l">PERIODICAL</subfield>
		<subfield code="m">SBEND</subfield>
		<subfield code="r">N</subfield>
		<subfield code="s">Y</subfield>
		<subfield code="t">NONCIRC</subfield>
		<subfield code="u">7/19/2002</subfield>
	  </datafield>
	  <datafield tag="999" ind1=" " ind2=" ">
		<subfield code="a">RK78.5 .C6 v.12 1991</subfield>
		<subfield code="w">LC</subfield>
		<subfield code="c">1</subfield>
		<subfield code="i">30000084729437</subfield>
		<subfield code="l">PERIODICAL</subfield>
		<subfield code="m">SBEND</subfield>
		<subfield code="r">N</subfield>
		<subfield code="s">Y</subfield>
		<subfield code="t">NONCIRC</subfield>
		<subfield code="u">7/19/2002</subfield>
	  </datafield>
	  <datafield tag="999" ind1=" " ind2=" ">
		<subfield code="a">RK78.5 .C6 v.13 1992</subfield>
		<subfield code="w">LC</subfield>
		<subfield code="c">1</subfield>
		<subfield code="i">30000084729445</subfield>
		<subfield code="l">PERIODICAL</subfield>
		<subfield code="m">SBEND</subfield>
		<subfield code="r">N</subfield>
		<subfield code="s">Y</subfield>
		<subfield code="t">NONCIRC</subfield>
		<subfield code="u">7/19/2002</subfield>
	  </datafield>
	  <datafield tag="999" ind1=" " ind2=" ">
		<subfield code="a">RK78.5 .C6 v.14 Jan.-June 1993</subfield>
		<subfield code="w">LC</subfield>
		<subfield code="c">1</subfield>
		<subfield code="i">30000084729452</subfield>
		<subfield code="l">PERIODICAL</subfield>
		<subfield code="m">SBEND</subfield>
		<subfield code="r">N</subfield>
		<subfield code="s">Y</subfield>
		<subfield code="t">NONCIRC</subfield>
		<subfield code="u">7/19/2002</subfield>
	  </datafield>
	  <datafield tag="999" ind1=" " ind2=" ">
		<subfield code="a">RK78.5 .C6 v.14 July-Dec. 1993</subfield>
		<subfield code="w">LC</subfield>
		<subfield code="c">1</subfield>
		<subfield code="i">30000084729460</subfield>
		<subfield code="l">PERIODICAL</subfield>
		<subfield code="m">SBEND</subfield>
		<subfield code="r">N</subfield>
		<subfield code="s">Y</subfield>
		<subfield code="t">NONCIRC</subfield>
		<subfield code="u">7/19/2002</subfield>
	  </datafield>
	  <datafield tag="999" ind1=" " ind2=" ">
		<subfield code="a">RK78.5 .C6 v.15 Jan.-Dec. 1994</subfield>
		<subfield code="w">LC</subfield>
		<subfield code="c">1</subfield>
		<subfield code="i">30000084729478</subfield>
		<subfield code="l">PERIODICAL</subfield>
		<subfield code="m">SBEND</subfield>
		<subfield code="r">N</subfield>
		<subfield code="s">Y</subfield>
		<subfield code="t">NONCIRC</subfield>
		<subfield code="u">7/19/2002</subfield>
	  </datafield>
	</record>