
	<record>
	  <leader>01342cam a2200325   45 0</leader>
	  <controlfield tag="001">a492712</controlfield>
	  <controlfield tag="003">InU</controlfield>
	  <controlfield tag="008">790321s1963    waua     b    000 0 eng  </controlfield>
	  <datafield tag="010" ind1=" " ind2=" ">
		<subfield code="a">   65064974</subfield>
	  </datafield>
	  <datafield tag="035" ind1=" " ind2=" ">
		<subfield code="a">(InU)AEJ1618BB</subfield>
	  </datafield>
	  <datafield tag="035" ind1=" " ind2=" ">
		<subfield code="a">(OCoLC)ocm04764146</subfield>
	  </datafield>
	  <datafield tag="040" ind1=" " ind2=" ">
		<subfield code="a">DLC</subfield>
		<subfield code="c">LUU</subfield>
		<subfield code="d">IUL</subfield>
	  </datafield>
	  <datafield tag="043" ind1=" " ind2=" ">
		<subfield code="a">n-us-wa</subfield>
	  </datafield>
	  <datafield tag="049" ind1=" " ind2=" ">
		<subfield code="a">IULA</subfield>
	  </datafield>
	  <datafield tag="050" ind1="0" ind2=" ">
		<subfield code="a">Z673E 1963</subfield>
		<subfield code="b">.W3</subfield>
	  </datafield>
	  <datafield tag="110" ind1="2" ind2=" ">
		<subfield code="a">University of Washington.</subfield>
		<subfield code="b">School of Librarianship.</subfield>
	  </datafield>
	  <datafield tag="245" ind1="1" ind2="0">
		<subfield code="a">Recruitment and training of staff and support of staff dissemination activities at the American Library Association, Library 21 exhibit, Seattle World's Fair, B-252.</subfield>
		<subfield code="b">A report</subfield>
		<subfield code="c">[by] Gordon P. Martin, Robert M. Hayes, [and] Irving Lieberman.</subfield>
	  </datafield>
	  <datafield tag="260" ind1=" " ind2=" ">
		<subfield code="a">Seattle,</subfield>
		<subfield code="c">1963.</subfield>
	  </datafield>
	  <datafield tag="300" ind1=" " ind2=" ">
		<subfield code="a">v, 118 p.</subfield>
		<subfield code="b">illus.</subfield>
		<subfield code="c">28 cm.</subfield>
	  </datafield>
	  <datafield tag="500" ind1=" " ind2=" ">
		<subfield code="a">"Prepared in accordance with the requirement of O. E. Contract OE-2-16-013 (including Supplemental agreement) between the U.S. Office of Education and the University of Washington."</subfield>
	  </datafield>
	  <datafield tag="504" ind1=" " ind2=" ">
		<subfield code="a">Bibliography: p. 112-114.</subfield>
	  </datafield>
	  <datafield tag="591" ind1=" " ind2=" ">
		<subfield code="a"></subfield>
	  </datafield>
	  <datafield tag="611" ind1="1" ind2="0">
		<subfield code="a">Century 21 Exposition</subfield>
		<subfield code="d">(1962 :</subfield>
		<subfield code="c">Seattle, Wash.)</subfield>
	  </datafield>
	  <datafield tag="650" ind1=" " ind2="0">
		<subfield code="a">Library exhibits.</subfield>
	  </datafield>
	  <datafield tag="700" ind1="1" ind2="0">
		<subfield code="a">Martin, Gordon P.</subfield>
	  </datafield>
	  <datafield tag="700" ind1="1" ind2="0">
		<subfield code="a">Hayes, Robert Mayo,</subfield>
		<subfield code="d">1926-</subfield>
	  </datafield>
	  <datafield tag="700" ind1="1" ind2="0">
		<subfield code="a">Lieberman, Irving.</subfield>
	  </datafield>
	  <datafield tag="998" ind1=" " ind2=" ">
		<subfield code="a">5/7/1994</subfield>
		<subfield code="b">11/8/1994</subfield>
		<subfield code="c">11/8/1994</subfield>
	  </datafield>
	  <datafield tag="596" ind1=" " ind2=" ">
		<subfield code="a">5</subfield>
	  </datafield>
	  <datafield tag="999" ind1=" " ind2=" ">
		<subfield code="a">Z673.5 1963 .W317</subfield>
		<subfield code="w">LC</subfield>
		<subfield code="c">1</subfield>
		<subfield code="i">30000092027105</subfield>
		<subfield code="l">_ALF</subfield>
		<subfield code="m">B-ALF</subfield>
		<subfield code="r">Y</subfield>
		<subfield code="s">Y</subfield>
		<subfield code="t">NORMAL</subfield>
		<subfield code="u">11/5/2000</subfield>
	  </datafield>
	</record>