
	<record>
	  <leader>02087cam a2200313   45 0</leader>
	  <controlfield tag="001">a492713</controlfield>
	  <controlfield tag="003">InU</controlfield>
	  <controlfield tag="008">780712s1966    gw       b    010 0 ger  </controlfield>
	  <datafield tag="010" ind1=" " ind2=" ">
		<subfield code="a">   66078006</subfield>
	  </datafield>
	  <datafield tag="035" ind1=" " ind2=" ">
		<subfield code="a">(InU)AEJ1619BB</subfield>
	  </datafield>
	  <datafield tag="035" ind1=" " ind2=" ">
		<subfield code="a">(OCoLC)ocm04044559</subfield>
	  </datafield>
	  <datafield tag="040" ind1=" " ind2=" ">
		<subfield code="a">DLC</subfield>
		<subfield code="c">YGM</subfield>
		<subfield code="d">YGM</subfield>
		<subfield code="d">IUL</subfield>
	  </datafield>
	  <datafield tag="049" ind1=" " ind2=" ">
		<subfield code="a">IULA</subfield>
	  </datafield>
	  <datafield tag="050" ind1=" " ind2=" ">
		<subfield code="a">Z674</subfield>
		<subfield code="b">.W4</subfield>
	  </datafield>
	  <datafield tag="100" ind1="1" ind2=" ">
		<subfield code="a">Wenig, Otto,</subfield>
		<subfield code="e">ed.</subfield>
	  </datafield>
	  <datafield tag="245" ind1="1" ind2="0">
		<subfield code="a">Wege zur Buchwissenschaft.</subfield>
		<subfield code="b">(Victor Burr zur Vollendung des 60. Lebensjahres)</subfield>
	  </datafield>
	  <datafield tag="260" ind1=" " ind2=" ">
		<subfield code="a">Bonn,</subfield>
		<subfield code="b">Bouvier,</subfield>
		<subfield code="c">1966.</subfield>
	  </datafield>
	  <datafield tag="300" ind1=" " ind2=" ">
		<subfield code="a">416 p.</subfield>
		<subfield code="c">23 cm.</subfield>
	  </datafield>
	  <datafield tag="350" ind1=" " ind2=" ">
		<subfield code="a">DM 39.-</subfield>
	  </datafield>
	  <datafield tag="440" ind1=" " ind2="0">
		<subfield code="a">Bonner Beiträge zur Bibliotheks- und Bücherkunde ;</subfield>
		<subfield code="v">Bd. 14</subfield>
	  </datafield>
	  <datafield tag="504" ind1=" " ind2=" ">
		<subfield code="a">Includes bibliographical references.</subfield>
	  </datafield>
	  <datafield tag="505" ind1="0" ind2=" ">
		<subfield code="a">Kefaliz bibliou, von K. T. Schäfer.--Bemerkungen zum voralexandrinischen Buchwesen, von I. Ooms.--Von alten Siegburger Büchern, von M. Mittler.--Die Ellwanger Litanei, von W. Irtenkauf.--Das Mirakel von Bolsena in der Bonner Handschrift S291, von A. Becker.--Hermann Schaaffhausen, von H. Fremerey-Dohna.--Autographeninterpretation, von O. Wenig.--Bemerkungen zu den ältesten Drucken des Konstanzer Breviers, von H. Tüchle.--Zur Basler Ausgabe des Sentenzenkommentars Alberts des Grossen vom Jahre 1506, von A. Hiedl.--Michael Wecklein, ein Theologe der Aufklärung als Bibliothekar an der Universitäts-Bibliothek Bonn 1818-1828. Briefe an Ferdinand August Graf von Spiegel zu Desenberg, von H. Hegel.--Die Direktoren der Universitäts-Bibliothek Bonn, von R. Mummendey.--Die Universitäts-Bibliothek Bonn, Abt. Landwirtschaft, von W. Göcke.--Die Bibliothek des Bundesministeriums für Wirtschaft, von E. Richter.--Unterirdisches Schrifttum im Rheinland in den Tagen des Vormärz,von H. Neu.--Jean Pauls Verhältnis zum Buch, von G. Soffke.--Von der Notwendigkeit und Möglichkeit einer allgemeinen Buchwissenschaft, von H. Gunundmann.</subfield>
	  </datafield>
	  <datafield tag="591" ind1=" " ind2=" ">
		<subfield code="a"></subfield>
	  </datafield>
	  <datafield tag="650" ind1=" " ind2="0">
		<subfield code="a">Library science.</subfield>
	  </datafield>
	  <datafield tag="700" ind1="1" ind2="1">
		<subfield code="a">Burr, Viktor,</subfield>
		<subfield code="d">1906-</subfield>
	  </datafield>
	  <datafield tag="740" ind1="0" ind2="1">
		<subfield code="a">Freundesgabe für Viktor Burr.</subfield>
	  </datafield>
	  <datafield tag="998" ind1=" " ind2=" ">
		<subfield code="a">5/7/1994</subfield>
		<subfield code="b">5/21/1994</subfield>
		<subfield code="c">5/21/1994</subfield>
	  </datafield>
	  <datafield tag="596" ind1=" " ind2=" ">
		<subfield code="a">5</subfield>
	  </datafield>
	  <datafield tag="999" ind1=" " ind2=" ">
		<subfield code="a">Z674 .W47</subfield>
		<subfield code="w">LC</subfield>
		<subfield code="c">1</subfield>
		<subfield code="i">30000107120465</subfield>
		<subfield code="l">_ALF</subfield>
		<subfield code="m">B-ALF</subfield>
		<subfield code="r">Y</subfield>
		<subfield code="s">Y</subfield>
		<subfield code="t">NORMAL</subfield>
		<subfield code="u">11/5/2000</subfield>
	  </datafield>
	</record>