
	<record>
	  <leader>02592cas a2200505 a 45 0</leader>
	  <controlfield tag="001">a248720</controlfield>
	  <controlfield tag="003">InU</controlfield>
	  <controlfield tag="005">20060312170452.8</controlfield>
	  <controlfield tag="008">760620c19249999ru dn ne     f0    0rus  </controlfield>
	  <datafield tag="010" ind1=" " ind2=" ">
		<subfield code="a">sf 80000231</subfield>
	  </datafield>
	  <datafield tag="035" ind1=" " ind2=" ">
		<subfield code="a">(OCoLC)ocm02263299</subfield>
	  </datafield>
	  <datafield tag="040" ind1=" " ind2=" ">
		<subfield code="a">DLC</subfield>
		<subfield code="c">PIT</subfield>
		<subfield code="d">DLC</subfield>
		<subfield code="d">OCL</subfield>
		<subfield code="d">DLC</subfield>
		<subfield code="d">IUL</subfield>
		<subfield code="d">NST</subfield>
		<subfield code="d">CRL</subfield>
		<subfield code="d">OCLCQ</subfield>
		<subfield code="d">IUL</subfield>
	  </datafield>
	  <datafield tag="012" ind1=" " ind2=" ">
		<subfield code="a">3</subfield>
		<subfield code="i">9112</subfield>
	  </datafield>
	  <datafield tag="022" ind1=" " ind2=" ">
		<subfield code="a">0023-4559</subfield>
	  </datafield>
	  <datafield tag="042" ind1=" " ind2=" ">
		<subfield code="a">lc</subfield>
	  </datafield>
	  <datafield tag="043" ind1=" " ind2=" ">
		<subfield code="a">e-ru---</subfield>
	  </datafield>
	  <datafield tag="090" ind1=" " ind2=" ">
		<subfield code="a">U4</subfield>
		<subfield code="b">.K78</subfield>
	  </datafield>
	  <datafield tag="049" ind1=" " ind2=" ">
		<subfield code="a">IULA</subfield>
	  </datafield>
	  <datafield tag="130" ind1="0" ind2=" ">
		<subfield code="a">Krasnai͡a zvezda (Moscow, Russia : 1924)</subfield>
	  </datafield>
	  <datafield tag="245" ind1="1" ind2="0">
		<subfield code="a">Krasnai͡a zvezda :</subfield>
		<subfield code="b">t͡sentralýĭ organ Revoli͡ut͡sionnogo voennogo soveta SSSR.</subfield>
	  </datafield>
	  <datafield tag="260" ind1=" " ind2=" ">
		<subfield code="a">[Moskva] :</subfield>
		<subfield code="b">Tip. "Izvestiĭ T͡SIK VT͡SIK " im. I.I. Skvort͡sova-Stepanova</subfield>
	  </datafield>
	  <datafield tag="300" ind1=" " ind2=" ">
		<subfield code="a">v. :</subfield>
		<subfield code="b">ill. ;</subfield>
		<subfield code="c">70 cm.</subfield>
	  </datafield>
	  <datafield tag="310" ind1=" " ind2=" ">
		<subfield code="a">Daily (except Sunday and Monday),</subfield>
		<subfield code="b">&lt;1992&gt;-</subfield>
	  </datafield>
	  <datafield tag="321" ind1=" " ind2=" ">
		<subfield code="a">Daily (except Monday),</subfield>
		<subfield code="b">&lt;Jan. 10, 1932-Dec. 31, 1969&gt;</subfield>
	  </datafield>
	  <datafield tag="362" ind1="1" ind2=" ">
		<subfield code="a">Began with Jan. 1, 1924 issue.</subfield>
		<subfield code="z">Cf. 99 gazet.</subfield>
	  </datafield>
	  <datafield tag="500" ind1=" " ind2=" ">
		<subfield code="a">Publisher varies.</subfield>
	  </datafield>
	  <datafield tag="500" ind1=" " ind2=" ">
		<subfield code="a">Description based on: 10 i͡anv. 1932 = no. 2450.</subfield>
	  </datafield>
	  <datafield tag="500" ind1=" " ind2=" ">
		<subfield code="a">Latest issue consulted: 31. dek. 1969 = no. 14048.</subfield>
	  </datafield>
	  <datafield tag="515" ind1=" " ind2=" ">
		<subfield code="a">First issue preceded by a trial issue published on Dec. 29, 1923. Cf. Gazetnyí mir Sovetskogo Soi͡uza, 1917-1970 gg.</subfield>
	  </datafield>
	  <datafield tag="530" ind1=" " ind2=" ">
		<subfield code="a">Also issued on microfilm by University Microfilms International, The Center for Research Libraries, and Library of Congress.</subfield>
	  </datafield>
	  <datafield tag="550" ind1=" " ind2=" ">
		<subfield code="a">Organ of: Soviet Union, Revoli͡ut͡sionnyĭ voennyĭ sovet, &lt;Jan. 10, 1932-May 26, 1934&gt;; Soviet Union, Narodnyĭ komissariat oborony, &lt;Apr. 15, 1935-Feb. 28, 1946&gt;; Soviet Union, Narodnyĭ komissariat vooruzhennykh sil, &lt;Mar. 1, 1946&gt;-Mar. 20, 1946; Soviet Union, Ministerstvo vooruzhennykh sil, Mar. 21, 1946-&lt;June 29, 1946&gt;; Soviet Union, Voennoe ministerstvo, &lt;1950-1953&gt;; Soviet Union, Ministerstvo oborony, &lt;Dec. 16, 1958-Dec. 31, 1969&gt;; Russia (Federation), Ministerstvo oborony, &lt;1992-</subfield>
	  </datafield>
	  <datafield tag="651" ind1=" " ind2="0">
		<subfield code="a">Moscow (Russia)</subfield>
		<subfield code="v">Newspapers.</subfield>
	  </datafield>
	  <datafield tag="710" ind1="1" ind2=" ">
		<subfield code="a">Soviet Union.</subfield>
		<subfield code="b">Revoli͡ut͡sionnyĭ voennyĭ sovet.</subfield>
	  </datafield>
	  <datafield tag="710" ind1="1" ind2=" ">
		<subfield code="a">Soviet Union.</subfield>
		<subfield code="b">Narodnyĭ komissariat oborony.</subfield>
	  </datafield>
	  <datafield tag="710" ind1="1" ind2=" ">
		<subfield code="a">Soviet Union.</subfield>
		<subfield code="b">Narodnyĭ komissariat vooruzhennykh sil.</subfield>
	  </datafield>
	  <datafield tag="710" ind1="1" ind2=" ">
		<subfield code="a">Soviet Union.</subfield>
		<subfield code="b">Ministerstvo vooruzhennykh sil.</subfield>
	  </datafield>
	  <datafield tag="710" ind1="1" ind2=" ">
		<subfield code="a">Soviet Union.</subfield>
		<subfield code="b">Voennoe ministerstvo.</subfield>
	  </datafield>
	  <datafield tag="710" ind1="1" ind2=" ">
		<subfield code="a">Soviet Union.</subfield>
		<subfield code="b">Ministerstvo oborony.</subfield>
	  </datafield>
	  <datafield tag="710" ind1="1" ind2=" ">
		<subfield code="a">Russia (Federation).</subfield>
		<subfield code="b">Ministerstvo oborony.</subfield>
	  </datafield>
	  <datafield tag="752" ind1=" " ind2=" ">
		<subfield code="a">Russia (Federation)</subfield>
		<subfield code="d">Moscow.</subfield>
	  </datafield>
	  <datafield tag="776" ind1="1" ind2=" ">
		<subfield code="c">Microfilm</subfield>
		<subfield code="d">Center for Research Libraries</subfield>
		<subfield code="w">(DLC)sn 95046187</subfield>
		<subfield code="w">(OCoLC)32949662</subfield>
	  </datafield>
	  <datafield tag="780" ind1="0" ind2="5">
		<subfield code="t">Sovetskiĭ flot</subfield>
		<subfield code="g">Aug. 1, 1960</subfield>
	  </datafield>
	  <datafield tag="850" ind1=" " ind2=" ">
		<subfield code="a">AzTeS</subfield>
		<subfield code="a">AzU</subfield>
		<subfield code="a">ICRL</subfield>
		<subfield code="a">PU</subfield>
	  </datafield>
	  <datafield tag="035" ind1=" " ind2=" ">
		<subfield code="a">(InU)ACK2203BB</subfield>
	  </datafield>
	  <datafield tag="596" ind1=" " ind2=" ">
		<subfield code="a">1</subfield>
		</datafield>

	</record>