
	<record>
	  <leader>02199cas a2200493 a 45 0</leader>
	  <controlfield tag="001">a3951676</controlfield>
	  <controlfield tag="003">InU</controlfield>
	  <controlfield tag="008">760620d17191741mauwr ne      0uuu 0eng d</controlfield>
	  <datafield tag="010" ind1=" " ind2=" ">
		<subfield code="a">sn 83021287</subfield>
	  </datafield>
	  <datafield tag="035" ind1=" " ind2=" ">
		<subfield code="a">(OCoLC)ocm02250666</subfield>
	  </datafield>
	  <datafield tag="040" ind1=" " ind2=" ">
		<subfield code="a">MUL</subfield>
		<subfield code="c">MUL</subfield>
		<subfield code="d">NPX</subfield>
		<subfield code="d">NPA</subfield>
		<subfield code="d">NPU</subfield>
		<subfield code="d">DLC</subfield>
		<subfield code="d">UNP</subfield>
		<subfield code="d">DLC</subfield>
		<subfield code="d">NJW</subfield>
		<subfield code="d">KNP</subfield>
		<subfield code="d">MFN</subfield>
		<subfield code="d">MGN</subfield>
		<subfield code="d">KNP</subfield>
		<subfield code="d">MGN</subfield>
		<subfield code="d">CNK</subfield>
		<subfield code="d">HUL</subfield>
		<subfield code="d">FUG</subfield>
		<subfield code="d">NVK</subfield>
		<subfield code="d">TGN</subfield>
		<subfield code="d">IUL</subfield>
		<subfield code="d">OCL</subfield>
		<subfield code="d">CVF</subfield>
		<subfield code="d">IUL</subfield>
	  </datafield>
	  <datafield tag="035" ind1=" " ind2=" ">
		<subfield code="a">1194867</subfield>
		<subfield code="b">MULS</subfield>
	  </datafield>
	  <datafield tag="042" ind1=" " ind2=" ">
		<subfield code="a">lcd</subfield>
	  </datafield>
	  <datafield tag="043" ind1=" " ind2=" ">
		<subfield code="a">n-us-ma</subfield>
	  </datafield>
	  <datafield tag="050" ind1="0" ind2="0">
		<subfield code="a">Newspaper</subfield>
	  </datafield>
	  <datafield tag="130" ind1="0" ind2=" ">
		<subfield code="a">Boston gazette (Boston, Mass. : 1719)</subfield>
	  </datafield>
	  <datafield tag="245" ind1="0" ind2="4">
		<subfield code="a">The Boston gazette.</subfield>
	  </datafield>
	  <datafield tag="246" ind1="1" ind2=" ">
		<subfield code="a">New-England, the Boston Gazette</subfield>
	  </datafield>
	  <datafield tag="260" ind1=" " ind2=" ">
		<subfield code="a">Boston [Mass.] :</subfield>
		<subfield code="b">J. Franklin,</subfield>
		<subfield code="c">1719-1741.</subfield>
	  </datafield>
	  <datafield tag="300" ind1=" " ind2=" ">
		<subfield code="a">1025 no.</subfield>
		<subfield code="c">38 cm.</subfield>
	  </datafield>
	  <datafield tag="310" ind1=" " ind2=" ">
		<subfield code="a">Weekly</subfield>
	  </datafield>
	  <datafield tag="362" ind1="0" ind2=" ">
		<subfield code="a">No. 1 (Dec. 21, 1719)-no. 1025 (Oct. 12-19, 1741).</subfield>
	  </datafield>
	  <datafield tag="500" ind1=" " ind2=" ">
		<subfield code="a">"New-England," appears above title in masthead.</subfield>
	  </datafield>
	  <datafield tag="530" ind1=" " ind2=" ">
		<subfield code="a">Issued also on microopaque and microfilm by Readex Microprint Corp.</subfield>
	  </datafield>
	  <datafield tag="580" ind1=" " ind2=" ">
		<subfield code="a">Merged with: New-England weekly journal; to form: Boston gazette, or, New England weekly journal.</subfield>
	  </datafield>
	  <datafield tag="651" ind1=" " ind2="0">
		<subfield code="a">Boston (Mass.)</subfield>
		<subfield code="v">Newspapers.</subfield>
	  </datafield>
	  <datafield tag="651" ind1=" " ind2="0">
		<subfield code="a">Suffolk County (Mass.)</subfield>
		<subfield code="v">Newspapers.</subfield>
	  </datafield>
	  <datafield tag="700" ind1="1" ind2=" ">
		<subfield code="a">Franklin, James,</subfield>
		<subfield code="d">1697-1735.</subfield>
	  </datafield>
	  <datafield tag="700" ind1="1" ind2=" ">
		<subfield code="a">Kneeland, Samuel,</subfield>
		<subfield code="d">1697-1769.</subfield>
	  </datafield>
	  <datafield tag="700" ind1="1" ind2=" ">
		<subfield code="a">Green, Timothy,</subfield>
		<subfield code="d">1703-1763.</subfield>
	  </datafield>
	  <datafield tag="752" ind1=" " ind2=" ">
		<subfield code="a">United States</subfield>
		<subfield code="b">Massachusetts</subfield>
		<subfield code="c">Suffolk</subfield>
		<subfield code="d">Boston.</subfield>
	  </datafield>
	  <datafield tag="785" ind1="1" ind2="7">
		<subfield code="t">New-England weekly journal</subfield>
		<subfield code="w">(DLC)sn 83021286</subfield>
		<subfield code="w">(OCoLC)10074903</subfield>
	  </datafield>
	  <datafield tag="785" ind1="1" ind2="7">
		<subfield code="t">Boston gazette, or, New England weekly journal</subfield>
		<subfield code="w">(DLC)sn 83021288</subfield>
		<subfield code="w">(OCoLC)10075389</subfield>
	  </datafield>
	  <datafield tag="850" ind1=" " ind2=" ">
		<subfield code="a">MH</subfield>
	  </datafield>
	  <datafield tag="035" ind1=" " ind2=" ">
		<subfield code="a">BGG5627IP</subfield>
	  </datafield>
	  <datafield tag="035" ind1=" " ind2=" ">
		<subfield code="a">(InU)370388IP</subfield>
	  </datafield>
	  <datafield tag="035" ind1=" " ind2=" ">
		<subfield code="a">(InU)BHA7506SB</subfield>
	  </datafield>
	  <datafield tag="035" ind1=" " ind2=" ">
		<subfield code="a">(InU)BGG5626BB</subfield>
	  </datafield>
	  <datafield tag="597" ind1=" " ind2=" ">
		<subfield code="a">5:AN2.B7 B67 1732 Dec. 5- 1742 Nov. 30 Incl. later title</subfield>
	  </datafield>
	  <datafield tag="596" ind1=" " ind2=" ">
		<subfield code="a">1 42 46</subfield>
	  </datafield>
	  <datafield tag="999" ind1=" " ind2=" ">
		<subfield code="a">AN2 .E13 MA27</subfield>
		<subfield code="w">LC</subfield>
		<subfield code="c">1</subfield>
		<subfield code="i">3951676-2001</subfield>
		<subfield code="l">_MFMPRINT</subfield>
		<subfield code="m">B-WELLS</subfield>
		<subfield code="r">Y</subfield>
		<subfield code="s">Y</subfield>
		<subfield code="t">NONCIRC</subfield>
		<subfield code="u">11/21/2000</subfield>
	  </datafield>
	  <datafield tag="999" ind1=" " ind2=" ">
		<subfield code="a">AN2.A2 B6</subfield>
		<subfield code="w">LC</subfield>
		<subfield code="c">1</subfield>
		<subfield code="i">3951676-3001</subfield>
		<subfield code="l">MICROFORMS</subfield>
		<subfield code="m">SBEND</subfield>
		<subfield code="r">Y</subfield>
		<subfield code="s">Y</subfield>
		<subfield code="t">NONCIRC</subfield>
		<subfield code="u">11/21/2000</subfield>
	  </datafield>
	  <datafield tag="999" ind1=" " ind2=" ">
		<subfield code="a">AN2.B7 B67 1719 Dec. 1- 1732 Dec. 18</subfield>
		<subfield code="w">LC</subfield>
		<subfield code="c">1</subfield>
		<subfield code="i">30000063304590</subfield>
		<subfield code="d">9/29/2000</subfield>
		<subfield code="e">8/11/2000</subfield>
		<subfield code="l">MICROFILM</subfield>
		<subfield code="m">I-UNIVLIB</subfield>
		<subfield code="n">2</subfield>
		<subfield code="r">Y</subfield>
		<subfield code="s">N</subfield>
		<subfield code="t">NONCIRC</subfield>
		<subfield code="u">11/28/2000</subfield>
		<subfield code="z">MICROFILM</subfield>
	  </datafield>
	  <datafield tag="999" ind1=" " ind2=" ">
		<subfield code="a">AN2.B7 B67 1732 Dec. 5- 1742 Nov. 30 Inc</subfield>
		<subfield code="w">LC</subfield>
		<subfield code="c">1</subfield>
		<subfield code="i">30000054271634</subfield>
		<subfield code="d">12/21/1998</subfield>
		<subfield code="l">MICROFILM</subfield>
		<subfield code="m">I-UNIVLIB</subfield>
		<subfield code="r">Y</subfield>
		<subfield code="s">N</subfield>
		<subfield code="t">NONCIRC</subfield>
		<subfield code="u">11/28/2000</subfield>
		<subfield code="z">MICROFILM</subfield>
	  </datafield>
	</record>