
	<record>
	  <leader>02792cas a2200589   45 0</leader>
	  <controlfield tag="001">a3949209</controlfield>
	  <controlfield tag="001">BGG3887BB</controlfield>
	  <controlfield tag="003">InU</controlfield>
	  <controlfield tag="005">19900216        </controlfield>
	  <controlfield tag="008">760422d19331966pauuu1   i    0uuua0eng  </controlfield>
	  <datafield tag="010" ind1=" " ind2=" ">
		<subfield code="a">   40015160</subfield>
	  </datafield>
	  <datafield tag="012" ind1=" " ind2=" ">
		<subfield code="a">3</subfield>
		<subfield code="b">3</subfield>
	  </datafield>
	  <datafield tag="019" ind1=" " ind2=" ">
		<subfield code="a">2445750</subfield>
	  </datafield>
	  <datafield tag="022" ind1=" " ind2=" ">
		<subfield code="a">0363-6895</subfield>
	  </datafield>
	  <datafield tag="035" ind1=" " ind2=" ">
		<subfield code="a">(OCoLC)ocm02130864</subfield>
	  </datafield>
	  <datafield tag="035" ind1=" " ind2=" ">
		<subfield code="a">2123203</subfield>
		<subfield code="b">MULS</subfield>
	  </datafield>
	  <datafield tag="035" ind1=" " ind2=" ">
		<subfield code="a">(InU)AAW9951FW</subfield>
	  </datafield>
	  <datafield tag="035" ind1=" " ind2=" ">
		<subfield code="a">(InU)BGG3887BB</subfield>
	  </datafield>
	  <datafield tag="040" ind1=" " ind2=" ">
		<subfield code="a">DLC</subfield>
		<subfield code="c">BTI</subfield>
		<subfield code="d">NSD</subfield>
		<subfield code="d">DLC</subfield>
		<subfield code="d">m.c.</subfield>
		<subfield code="d">OCL</subfield>
		<subfield code="d">m/c</subfield>
	  </datafield>
	  <datafield tag="042" ind1=" " ind2=" ">
		<subfield code="a">nsdp</subfield>
		<subfield code="a">lc</subfield>
	  </datafield>
	  <datafield tag="050" ind1="0" ind2=" ">
		<subfield code="a">AI3</subfield>
		<subfield code="b">.C32</subfield>
	  </datafield>
	  <datafield tag="051" ind1=" " ind2=" ">
		<subfield code="a">AI3</subfield>
		<subfield code="b">.C32</subfield>
		<subfield code="c">2d set</subfield>
	  </datafield>
	  <datafield tag="051" ind1=" " ind2=" ">
		<subfield code="a">AI3</subfield>
		<subfield code="b">.C32</subfield>
		<subfield code="c">3d set</subfield>
	  </datafield>
	  <datafield tag="082" ind1=" " ind2=" ">
		<subfield code="a">282/.05</subfield>
	  </datafield>
	  <datafield tag="222" ind1="0" ind2="4">
		<subfield code="a">The Catholic periodical index</subfield>
	  </datafield>
	  <datafield tag="245" ind1="0" ind2="4">
		<subfield code="a">The Catholic periodical index.</subfield>
	  </datafield>
	  <datafield tag="260" ind1="0" ind2="1">
		<subfield code="a">Haverford, Pa. [etc.]</subfield>
		<subfield code="b">Catholic Library Association [etc.]</subfield>
	  </datafield>
	  <datafield tag="300" ind1=" " ind2=" ">
		<subfield code="a">13 v.</subfield>
		<subfield code="c">28 cm.</subfield>
	  </datafield>
	  <datafield tag="362" ind1="0" ind2=" ">
		<subfield code="a">1930/33-1965/66.</subfield>
	  </datafield>
	  <datafield tag="500" ind1=" " ind2=" ">
		<subfield code="a">"A cumulative author and subject list to a selected list of Catholic periodicals."</subfield>
	  </datafield>
	  <datafield tag="515" ind1=" " ind2=" ">
		<subfield code="a">Vol. for 1930/33 forms the first permanent volume in the series of four-year cumulations, and supersedes the two annual volumes for 1930 and 1931.  The range of the index extends in a few cases as far back as January 1929.</subfield>
	  </datafield>
	  <datafield tag="570" ind1=" " ind2=" ">
		<subfield code="a">Editor: 1930/33-   L. A. Leavey.</subfield>
	  </datafield>
	  <datafield tag="591" ind1=" " ind2=" ">
		<subfield code="a"></subfield>
	  </datafield>
	  <datafield tag="610" ind1="2" ind2="0">
		<subfield code="a">Catholic Church</subfield>
		<subfield code="x">Periodicals</subfield>
		<subfield code="x">Indexes.</subfield>
	  </datafield>
	  <datafield tag="650" ind1=" " ind2="0">
		<subfield code="a">Periodicals</subfield>
		<subfield code="v">Indexes</subfield>
	  </datafield>
	  <datafield tag="700" ind1="1" ind2="1">
		<subfield code="a">Leavey, Laurence Andrew Michael,</subfield>
		<subfield code="d">1910-</subfield>
		<subfield code="e">ed.</subfield>
	  </datafield>
	  <datafield tag="710" ind1="2" ind2="0">
		<subfield code="a">Catholic Library Association.</subfield>
	  </datafield>
	  <datafield tag="785" ind1="0" ind2="0">
		<subfield code="t">Catholic periodical and literature index</subfield>
		<subfield code="x">0008-8285</subfield>
	  </datafield>
	  <datafield tag="852" ind1=" " ind2=" ">
		<subfield code="a">IUL</subfield>
		<subfield code="b">IUN2</subfield>
		<subfield code="w">AI3</subfield>
		<subfield code="i">.C36</subfield>
		<subfield code="v">1-4,7,9-13</subfield>
		<subfield code="o">vol.</subfield>
		<subfield code="y">1930/1933-1943/1948,1952/1954,1956/1958-1965/196 6</subfield>
	  </datafield>
	  <datafield tag="998" ind1=" " ind2=" ">
		<subfield code="a">9/28/1990</subfield>
		<subfield code="c">9/28/1990</subfield>
	  </datafield>
	  <datafield tag="998" ind1=" " ind2=" ">
		<subfield code="a">2/16/1990</subfield>
		<subfield code="c">12/11/1989</subfield>
	  </datafield>
	  <datafield tag="596" ind1=" " ind2=" ">
		<subfield code="a">1</subfield>
	  </datafield>
	  <datafield tag="999" ind1=" " ind2=" ">
		<subfield code="a">AI3 .C36 v.1 1930-1933</subfield>
		<subfield code="w">LC</subfield>
		<subfield code="c">1</subfield>
		<subfield code="i">32000009721277</subfield>
		<subfield code="l">_RCREFDPT</subfield>
		<subfield code="m">B-WELLS</subfield>
		<subfield code="r">Y</subfield>
		<subfield code="s">Y</subfield>
		<subfield code="t">NONCIRC</subfield>
		<subfield code="u">3/12/2003</subfield>
	  </datafield>
	  <datafield tag="999" ind1=" " ind2=" ">
		<subfield code="a">AI3 .C36 v.2 1934-1938</subfield>
		<subfield code="w">LC</subfield>
		<subfield code="c">1</subfield>
		<subfield code="i">32000009721160</subfield>
		<subfield code="l">_RCREFDPT</subfield>
		<subfield code="m">B-WELLS</subfield>
		<subfield code="r">Y</subfield>
		<subfield code="s">Y</subfield>
		<subfield code="t">NONCIRC</subfield>
		<subfield code="u">3/12/2003</subfield>
	  </datafield>
	  <datafield tag="999" ind1=" " ind2=" ">
		<subfield code="a">AI3 .C36 v.3 1939-1943</subfield>
		<subfield code="w">LC</subfield>
		<subfield code="c">1</subfield>
		<subfield code="i">32000009721210</subfield>
		<subfield code="l">_RCREFDPT</subfield>
		<subfield code="m">B-WELLS</subfield>
		<subfield code="r">Y</subfield>
		<subfield code="s">Y</subfield>
		<subfield code="t">NONCIRC</subfield>
		<subfield code="u">3/12/2003</subfield>
	  </datafield>
	  <datafield tag="999" ind1=" " ind2=" ">
		<subfield code="a">AI3 .C36 v.4 1943-June 1948</subfield>
		<subfield code="w">LC</subfield>
		<subfield code="c">1</subfield>
		<subfield code="i">32000009721269</subfield>
		<subfield code="l">_RCREFDPT</subfield>
		<subfield code="m">B-WELLS</subfield>
		<subfield code="r">Y</subfield>
		<subfield code="s">Y</subfield>
		<subfield code="t">NONCIRC</subfield>
		<subfield code="u">3/12/2003</subfield>
	  </datafield>
	  <datafield tag="999" ind1=" " ind2=" ">
		<subfield code="a">AI3 .C36 v.7 June 1952-May 1954</subfield>
		<subfield code="w">LC</subfield>
		<subfield code="c">1</subfield>
		<subfield code="i">32000009721251</subfield>
		<subfield code="l">_RCREFDPT</subfield>
		<subfield code="m">B-WELLS</subfield>
		<subfield code="r">Y</subfield>
		<subfield code="s">Y</subfield>
		<subfield code="t">NONCIRC</subfield>
		<subfield code="u">3/12/2003</subfield>
	  </datafield>
	  <datafield tag="999" ind1=" " ind2=" ">
		<subfield code="a">AI3 .C36 v.9 June 1956-1958</subfield>
		<subfield code="w">LC</subfield>
		<subfield code="c">1</subfield>
		<subfield code="i">32000009721244</subfield>
		<subfield code="l">_RCREFDPT</subfield>
		<subfield code="m">B-WELLS</subfield>
		<subfield code="r">Y</subfield>
		<subfield code="s">Y</subfield>
		<subfield code="t">NONCIRC</subfield>
		<subfield code="u">3/12/2003</subfield>
	  </datafield>
	  <datafield tag="999" ind1=" " ind2=" ">
		<subfield code="a">AI3 .C36 v.10 1959-1960</subfield>
		<subfield code="w">LC</subfield>
		<subfield code="c">1</subfield>
		<subfield code="i">32000009721186</subfield>
		<subfield code="l">_RCREFDPT</subfield>
		<subfield code="m">B-WELLS</subfield>
		<subfield code="r">Y</subfield>
		<subfield code="s">Y</subfield>
		<subfield code="t">NONCIRC</subfield>
		<subfield code="u">3/12/2003</subfield>
	  </datafield>
	  <datafield tag="999" ind1=" " ind2=" ">
		<subfield code="a">AI3 .C36 v.11 1961-1962</subfield>
		<subfield code="w">LC</subfield>
		<subfield code="c">1</subfield>
		<subfield code="i">32000009721202</subfield>
		<subfield code="l">_RCREFDPT</subfield>
		<subfield code="m">B-WELLS</subfield>
		<subfield code="r">Y</subfield>
		<subfield code="s">Y</subfield>
		<subfield code="t">NONCIRC</subfield>
		<subfield code="u">3/12/2003</subfield>
	  </datafield>
	  <datafield tag="999" ind1=" " ind2=" ">
		<subfield code="a">AI3 .C36 v.12 1963-1964</subfield>
		<subfield code="w">LC</subfield>
		<subfield code="c">1</subfield>
		<subfield code="i">32000009721194</subfield>
		<subfield code="l">_RCREFDPT</subfield>
		<subfield code="m">B-WELLS</subfield>
		<subfield code="r">Y</subfield>
		<subfield code="s">Y</subfield>
		<subfield code="t">NONCIRC</subfield>
		<subfield code="u">3/12/2003</subfield>
	  </datafield>
	  <datafield tag="999" ind1=" " ind2=" ">
		<subfield code="a">AI3 .C36 v.13 1965-1966</subfield>
		<subfield code="w">LC</subfield>
		<subfield code="c">1</subfield>
		<subfield code="i">32000009721129</subfield>
		<subfield code="l">_RCREFDPT</subfield>
		<subfield code="m">B-WELLS</subfield>
		<subfield code="r">Y</subfield>
		<subfield code="s">Y</subfield>
		<subfield code="t">NONCIRC</subfield>
		<subfield code="u">3/12/2003</subfield>
	  </datafield>
	</record>