
	<record>
	  <leader>00761nam a2200253ui 45 0</leader>
	  <controlfield tag="001">a1161252</controlfield>
	  <controlfield tag="003">InU</controlfield>
	  <controlfield tag="008">980417s1978    ja            000 0 jpn d</controlfield>
	  <datafield tag="035" ind1=" " ind2=" ">
		<subfield code="a">(InU)AKA6881BB</subfield>
	  </datafield>
	  <datafield tag="035" ind1=" " ind2=" ">
		<subfield code="a">(OCoLC)ocm33507324</subfield>
	  </datafield>
	  <datafield tag="040" ind1=" " ind2=" ">
		<subfield code="a">LWU</subfield>
		<subfield code="b">jpn</subfield>
		<subfield code="c">LWU</subfield>
		<subfield code="d">IUL</subfield>
	  </datafield>
	  <datafield tag="245" ind1="0" ind2="0">
		<subfield code="a">Kokugo.</subfield>
		<subfield code="n">3 /</subfield>
		<subfield code="c">Ōno Takashi cho.</subfield>
	  </datafield>
	  <datafield tag="260" ind1=" " ind2=" ">
		<subfield code="a">Tōkyō :</subfield>
		<subfield code="b">Meijishoin,</subfield>
		<subfield code="c">1978.</subfield>
	  </datafield>
	  <datafield tag="300" ind1=" " ind2=" ">
		<subfield code="a">p.387-850 ;</subfield>
		<subfield code="c">22 cm.</subfield>
	  </datafield>
	  <datafield tag="440" ind1=" " ind2="0">
		<subfield code="a">Shinshaku kanbun taikei ;</subfield>
		<subfield code="v">67</subfield>
	  </datafield>
	  <datafield tag="505" ind1="0" ind2=" ">
		<subfield code="a">&lt;&gt;.</subfield>
	  </datafield>
	  <datafield tag="591" ind1=" " ind2=" ">
		<subfield code="a"></subfield>
	  </datafield>
	  <datafield tag="653" ind1=" " ind2=" ">
		<subfield code="a">Kokugo (chūgokushisho)</subfield>
		<subfield code="a">Hyōshaku.</subfield>
	  </datafield>
	  <datafield tag="700" ind1="1" ind2=" ">
		<subfield code="a">Ono, Takashi</subfield>
	  </datafield>
	  <datafield tag="886" ind1="2" ind2=" ">
		<subfield code="2">jpnmarc</subfield>
		<subfield code="a">677</subfield>
		<subfield code="b">222.03</subfield>
	  </datafield>
	  <datafield tag="886" ind1="2" ind2=" ">
		<subfield code="2">jpnmarc</subfield>
		<subfield code="a">685</subfield>
		<subfield code="b">US1</subfield>
	  </datafield>
	  <datafield tag="998" ind1=" " ind2=" ">
		<subfield code="a">4/17/1998</subfield>
		<subfield code="c">4/28/1998</subfield>
	  </datafield>
	  <datafield tag="596" ind1=" " ind2=" ">
		<subfield code="a">1</subfield>
	  </datafield>
	  <datafield tag="999" ind1=" " ind2=" ">
		<subfield code="a">PL779.C1 S5 v.67</subfield>
		<subfield code="w">LC</subfield>
		<subfield code="c">1</subfield>
		<subfield code="i">39000003224495</subfield>
		<subfield code="d">5/1/1998</subfield>
		<subfield code="l">_RCJAPAN</subfield>
		<subfield code="m">B-WELLS</subfield>
		<subfield code="q">1</subfield>
		<subfield code="r">Y</subfield>
		<subfield code="s">Y</subfield>
		<subfield code="t">NORMAL</subfield>
		<subfield code="u">11/8/2000</subfield>
		<subfield code="x">EASTASIAN</subfield>
	  </datafield>
	</record>