
	<record>
	  <leader>01453nam a2200385 a 45 0</leader>
	  <controlfield tag="001">a1163265</controlfield>
	  <controlfield tag="003">InU</controlfield>
	  <controlfield tag="008">980422s1997    vau     bt   f000 0 eng d</controlfield>
	  <controlfield tag="007">he?bm????????</controlfield>
	  <datafield tag="027" ind1=" " ind2=" ">
		<subfield code="a">FHWA-RD-96-162</subfield>
	  </datafield>
	  <datafield tag="035" ind1=" " ind2=" ">
		<subfield code="a">(InU)AKB0226BB</subfield>
	  </datafield>
	  <datafield tag="035" ind1=" " ind2=" ">
		<subfield code="a">(OCoLC)ocm37910894</subfield>
	  </datafield>
	  <datafield tag="037" ind1=" " ind2=" ">
		<subfield code="a">PB97-188775</subfield>
		<subfield code="b">NTIS</subfield>
	  </datafield>
	  <datafield tag="040" ind1=" " ind2=" ">
		<subfield code="a">CBT</subfield>
		<subfield code="c">CBT</subfield>
		<subfield code="d">IUL</subfield>
	  </datafield>
	  <datafield tag="086" ind1="0" ind2=" ">
		<subfield code="a">TD 2.30:96-162</subfield>
	  </datafield>
	  <datafield tag="245" ind1="0" ind2="0">
		<subfield code="a">Delineation of hazards for older drivers</subfield>
		<subfield code="h">[microform].]</subfield>
		<subfield code="n">Volume II,</subfield>
		<subfield code="p">Appendixes /</subfield>
		<subfield code="c">[Neil D. Lerner ... et al.]</subfield>
	  </datafield>
	  <datafield tag="260" ind1=" " ind2=" ">
		<subfield code="a">McLean, Va. :</subfield>
		<subfield code="b">Federal Highway Administration,</subfield>
		<subfield code="c">[1997]</subfield>
	  </datafield>
	  <datafield tag="300" ind1=" " ind2=" ">
		<subfield code="a">ix, 53 p. ;</subfield>
		<subfield code="c">28 cm.</subfield>
	  </datafield>
	  <datafield tag="513" ind1=" " ind2=" ">
		<subfield code="a">Final report.</subfield>
		<subfield code="b">Aug. 1993-Sept. 1996.</subfield>
	  </datafield>
	  <datafield tag="500" ind1=" " ind2=" ">
		<subfield code="a">Cover title.</subfield>
	  </datafield>
	  <datafield tag="536" ind1=" " ind2=" ">
		<subfield code="a">Performed by Comsis Corporation under contract no.</subfield>
		<subfield code="b">DTFH61-92-C-00043.</subfield>
	  </datafield>
	  <datafield tag="500" ind1=" " ind2=" ">
		<subfield code="a">"July 1997."</subfield>
	  </datafield>
	  <datafield tag="533" ind1=" " ind2=" ">
		<subfield code="a">Microfiche.</subfield>
		<subfield code="b">Springfield, Va. :</subfield>
		<subfield code="c">National Technical Information Service,</subfield>
		<subfield code="d">1997.</subfield>
		<subfield code="e">2 microfiche : negative ; 11 x 15 cm.</subfield>
	  </datafield>
	  <datafield tag="591" ind1=" " ind2=" ">
		<subfield code="a"></subfield>
	  </datafield>
	  <datafield tag="650" ind1=" " ind2="0">
		<subfield code="a">Traffic signs and signals</subfield>
		<subfield code="x">Design and construction.</subfield>
	  </datafield>
	  <datafield tag="650" ind1=" " ind2="0">
		<subfield code="a">Road markings</subfield>
		<subfield code="x">Evaluation.</subfield>
	  </datafield>
	  <datafield tag="650" ind1=" " ind2="0">
		<subfield code="a">Older automobile drivers</subfield>
		<subfield code="x">Psychology.</subfield>
	  </datafield>
	  <datafield tag="650" ind1=" " ind2="0">
		<subfield code="a">Risk perception.</subfield>
	  </datafield>
	  <datafield tag="653" ind1="1" ind2=" ">
		<subfield code="a">traffic signs</subfield>
	  </datafield>
	  <datafield tag="700" ind1="1" ind2=" ">
		<subfield code="a">Lerner, Neil D.</subfield>
	  </datafield>
	  <datafield tag="710" ind1="1" ind2=" ">
		<subfield code="a">United States.</subfield>
		<subfield code="b">Federal Highway Administration.</subfield>
	  </datafield>
	  <datafield tag="710" ind1="2" ind2=" ">
		<subfield code="a">Comsis Corporation.</subfield>
	  </datafield>
	  <datafield tag="998" ind1=" " ind2=" ">
		<subfield code="a">4/22/1998</subfield>
		<subfield code="b">4/22/1998</subfield>
		<subfield code="c">4/22/1998</subfield>
	  </datafield>
	  <datafield tag="596" ind1=" " ind2=" ">
		<subfield code="a">1</subfield>
	  </datafield>
	  <datafield tag="999" ind1=" " ind2=" ">
		<subfield code="a">TD 2.30:96-162</subfield>
		<subfield code="w">SUDOC</subfield>
		<subfield code="c">1</subfield>
		<subfield code="i">1163265-2001</subfield>
		<subfield code="l">_DOCSMFIC</subfield>
		<subfield code="m">B-WELLS</subfield>
		<subfield code="r">Y</subfield>
		<subfield code="s">Y</subfield>
		<subfield code="t">NORMAL</subfield>
		<subfield code="u">11/8/2000</subfield>
		<subfield code="x">GOVDOCS</subfield>
	  </datafield>
	</record>
</collection>





